2425 3152
722 218 1438 281 TABULAlu
1790 248 1860 308 75

348 340 624 389 MGIXAH.
751 327 865 386 Ubi
912 329 1173 411 sculptor,
1227 354 1328 412 pro
1365 331 1562 390 ultima
1605 331 1782 391 littera
1808 345 1870 406 A,

347 414 591 473 litteram
616 426 672 486 P,
725 415 815 471 vel
865 414 1169 477 oscitanter,
1216 418 1304 473 vel
1351 415 1603 474 consulto
1647 415 1868 476 forfitan

345 498 574 580 posuiffe
599 498 866 556 videtur¹.

429 586 593 656 Haeo,
617 583 864 663 inquam,
910 584 1206 657 vocabula,
1230 585 1380 665 apud
1412 585 1703 643 Hereticos
1743 586 1868 644 istos

342 667 700 740 ufitatiffima,
747 669 981 726 anulum
1006 669 1255 727 nostrum
1279 691 1350 726 ex
1370 690 1564 728 eorum
1587 670 1869 751 disciplina

342 752 596 833 prodiisse
626 752 960 810 ostendunt:
1008 774 1188 833 neque
1211 753 1348 811 illud
1379 775 1480 812 nos
1523 776 1746 812 movere
1775 757 1868 813 de-

342 839 454 910 bet,
502 838 651 918 quod
683 836 896 918 reliqua
944 838 1162 930 prorsus
1214 839 1446 896 barbara
1492 860 1593 897 nec
1638 840 1869 898 omnino

343 921 708 1003 intelligibilia
737 921 875 995 fint3
924 943 1129 1003 qulppe
1179 923 1286 980 hoc
1332 945 1559 1016 quoque
1603 946 1732 982 curn
1776 947 1868 983 eo-

342 1009 578 1064 rundem
609 1004 1007 1064 consuetudine
1050 1006 1270 1086 penitus
1313 1008 1607 1065 convenire
1658 1010 1868 1090 aceepi-

341 1112 484 1148 mus.
518 1089 742 1148 Etenim
765 1087 1007 1147 Sanetus
1025 1090 1428 1171 Hieronymus,
1453 1092 1677 1150 nomina
1696 1096 1765 1151 ab
1795 1116 1868 1152 eis

340 1174 603 1255 usurpata
621 1195 973 1248 enumeranS,
992 1189 1250 1256 portenta
1273 1198 1337 1234 ea
1366 1179 1555 1259 magis,
1600 1199 1763 1257 quam
1779 1201 1870 1237 no·-

338 1261 491 1317 mina
545 1274 728 1318 vocat·
713 1303 731 1332 ,
819 1282 936 1340 quae
980 1260 1064 1317 ad
1093 1261 1460 1342 imperitorum
1497 1276 1549 1320 et
1588 1262 1868 1321 muliercu-

340 1344 521 1403 larum
541 1345 744 1402 animos
774 1345 1121 1418 concitandos,
1166 1367 1261 1403 eos
1293 1345 1551 1404 inveniffe
1579 1346 1729 1422 dicit,
1736 1348 1797 1429 s
1772 1370 1869 1406 m-

328 1429 497 1512 plices
519 1428 744 1510 quosque
766 1443 1025 1488 terrentes
1055 1430 1206 1506 jhm,
1252 1446 1314 1488 ut
1352 1432 1499 1511 quod
1524 1451 1622 1489 non
1671 1433 1869 1491 intelli-

332 1529 490 1596 gunt,
526 1513 654 1595 plus
674 1515 986 1571 mi'ssrentur.
1075 1516 1199 1572 Has
1257 1515 1471 1573 easdem
1516 1537 1682 1574 voces
1734 1519 1868 1576 Por-

339 1597 593 1680 phyriuS‚
640 1598 954 1657 barbaricas
989 1612 1039 1656 et
1061 1597 1207 1656 nihil
1229 1599 1650 1681 figm'ficantes33
1700 1603 1868 1683 Apu-

402 1773 414 1789 ¹
449 1769 505 1809 Hi
526 1768 629 1808 enim
651 1768 834 1817 Heretici,
870 1783 947 1822 quo
963 1769 1158 1824 praestigias
1180 1769 1258 1809 suas
1276 1769 1435 1809 tenebris
1453 1770 1585 1811 melius
1614 1771 1863 1824 involverent,

336 1844 446 1870 voces
462 1844 537 1870 non
559 1830 676 1869 modo
691 1831 876 1879 harbaum,
910 1841 1022 1885 atque
1053 1831 1271 1884 incognitas,
1323 1832 1362 1870 in
1395 1832 1566 1871 amuletis
1604 1833 1673 1872 suis
1696 1835 1863 1883 miscere,

338 1893 399 1931 sed
422 1892 587 1945 cognitas
609 1891 724 1930 etiam
752 1906 795 1931 ac
811 1892 961 1932 ufitatas
981 1906 1218 1946 corrumpere
1253 1891 1427 1933 solebant.
1496 1894 1612 1945 Qiod
1643 1895 1681 1933 in
1697 1894 1770 1934 hac
1792 1893 1865 1949 ipsa

337 1967 430 1992 voce
452 1954 760 2003 MEICHAEL,
799 1954 892 1992 item
914 1967 957 1992 ac
977 1954 1015 1992 in
1031 1954 1108 1993 aliis
1125 1954 1311 1992 nonnullis
1325 1967 1386 1992 eos
1402 1968 1527 1994 revera
1544 1955 1678 2003 fecisse,
1704 1957 1759 1995 vir
1778 1971 1863 1996 eru-

339 2014 537 2053 ditiffimus
558 2015 594 2067 J.
613 2013 823 2054 Chiffletius
838 2015 1008 2056 ostend-it.
1076 2016 1235 2068 [Abrax.
1261 2016 1360 2055 Prot.
1379 2030 1416 2068 p.
1452 2030 1478 2066 4
1485 2015 1542 2068 3.]
1578 2019 1705 2068 Atque
1726 2018 1862 2057 eodem

336 2075 454 2114 modo
472 2089 560 2122 vox,
588 2076 773 2123 ΡΕΙΕΤΕ,
807 2076 950 2114 nonnisi
970 2077 1016 2115 ad
1039 2077 1263 2116 CHRISTI
1284 2090 1421 2115 nomen
1440 2076 1677 2115 referendum
1699 2078 1860 2127 videtur,

332 2136 466 2175 omiffa
483 2146 609 2175 tamen
632 2137 753 2189 prima
781 2136 900 2176 littera
916 2138 968 2186 X,
993 2151 1083 2176 nam
1099 2136 1384 2190 diphthongum
1398 2138 1463 2176 EI
1500 2151 1566 2190 pro
1588 2139 1718 2188 vocali,
1753 2140 1786 2187 I,
1821 2141 1858 2179 in

335 2197 501 2249 antiquis
535 2197 799 2246 marmoribus,
831 2198 1129 2246 numismatibus,
1164 2211 1208 2237 ac
1232 2198 1423 2236 codicibus
1463 2199 1570 2239 MSS.
1602 2199 1790 2252 saepiffime
1812 2217 1859 2239 u-

335 2260 531 2311 surpatum
548 2258 622 2305 est5
655 2258 711 2297 uti
731 2257 793 2296 hic
808 2258 844 2296 in
859 2272 951 2298 voce
966 2259 1247 2306 MEIXAHL,
1264 2269 1302 2298 et
1316 2259 1401 2298 alibi
1416 2259 1452 2297 in
1469 2259 1547 2312 ipso
1563 2261 1654 2300 item
1677 2262 1858 2302 CHRIS-

336 2321 395 2358 TI
420 2319 572 2358 nomine
594 2319 849 2359 animadverti.

398 2386 413 2401 ²
447 2381 561 2433 Oper.
583 2381 671 2419 Vol.
695 2395 737 2432 4.
760 2395 837 2433 par.
864 2394 902 2422 2.
920 2395 956 2434 p.
979 2382 1030 2435 58
1045 2396 1079 2421 1.
1145 2380 1245 2421 Edit.
1269 2381 1456 2421 Benedici.

400 2452 410 2474 ³
444 2442 559 2494 Apud
577 2441 713 2482 Euseb.
737 2442 851 2495 Praep,
870 2443 989 2483 Evan.
1014 2444 1038 2482 l.
1064 2458 1104 2494 4.

999 2503 1054 2560 K
1098 2525 1131 2560 2
1700 2503 1852 2567 ieius,
