2425 3152
544 212 658 289 196
876 207 933 266 T
966 210 1023 266 A
1055 210 1101 265 B
1145 209 1201 264 u
1247 208 1300 264 L
1328 209 1387 266 A
1435 208 1666 267 XVIII.

537 315 623 369 At
653 330 783 367 vero
823 325 951 366 ante
1002 309 1210 365 bellum
1256 308 1529 367 Punicum
1576 308 1833 390 primum,
1880 309 2052 391 fignaoe

538 412 594 452 ta
632 417 694 451 ea
727 393 910 451 omnia
940 391 1096 449 fuiffe
1146 392 1352 450 neceffe
1403 393 1506 451 est:
1553 393 1757 474 quippe
1790 416 1857 451 eo
1886 395 2052 468 belle,

538 494 604 536 ut
636 478 840 535 Plinius
871 479 964 549 ait,
1020 482 1056 508 ‘⁶
1102 498 1230 534 cum
1273 476 1523 570 impensis
1568 478 1895 558 Respublica
1939 502 2054 537 non

541 569 577 595 ‘⁶
623 561 906 638 sufficeret,
949 562 1166 640 pondus
1205 582 1322 617 ‘ceris
1369 560 1746 634 imminutum,
1792 563 2055 622 constitu-

544 653 582 680 “
627 662 879 736 tumque,
911 662 976 703 ut
1021 645 1152 703 affes
1183 644 1536 703 Sextantario
1572 646 1814 727 pondere
1835 646 2059 705 feriren-

540 736 576 762 ‘⁶
623 746 750 803 tur3
799 746 875 787 ita
922 730 1162 810 quinque
1209 745 1388 809 partes
1416 729 1582 787 fache
1630 731 1787 804 lucri,
1833 730 2056 789 dissolu-

622 830 854 894 tumque
895 836 969 871 aes
1008 813 1271 870 alienum
1363 816 1524 871 Nota
1560 814 1680 871 aeris
1709 777 1830 876 fuit,
1876 837 1947 872 ex
1977 817 2059 873 al-

621 915 735 955 tera
786 913 940 978 parte
971 898 1149 972 Janus
1183 897 1468 956 Geminus
1515 919 1586 954 ex
1616 899 1788 955 altera
1820 899 2057 957 rostrum

540 988 577 1015 ‘⁶
622 981 813 1055 navis3
863 1003 919 1038 m
949 980 1181 1038 Triente
1223 1003 1355 1038 vero
1380 996 1435 1038 et
1466 982 1796 1062 Qadrante
1839 998 2004 1040 rates·
2008 1017 2056 1029 --

538 1073 576 1099 ‘⁶
621 1066 808 1147 postea
846 1065 1129 1123 Annibale
1179 1081 1426 1146 urgente,
1475 1069 1546 1137 Q
1588 1065 1762 1124 Fabio
1810 1066 2058 1125 maximo

539 1157 577 1184 ‘⁶
624 1149 939 1223 Dieiatore,
1013 1148 1144 1207 asses
1165 1150 1407 1208 unciales
1439 1147 1798 1209 faofi—ira
1835 1151 2056 1231 respub*

539 1241 577 1268 ‘⁶
622 1235 724 1293 lica
754 1234 1042 1292 dimidium
1084 1235 1295 1293 lucrata
1341 1235 1418 1292 est
1569 1257 1704 1292 mox
1742 1237 1863 1316 lege
1895 1235 2054 1316 Papia

622 1320 792 1392 nana,
866 1318 1236 1377 semiunciales
1285 1318 1415 1377 affes
1465 1318 1669 1377 fa&i¹.’
1798 1322 1888 1377 Ex
1939 1342 2054 1400 quo

536 1403 695 1462 Plinii
727 1403 1052 1476 testimoni0‚
1114 1419 1222 1462 tres
1263 1404 1382 1462 affis
1441 1402 1686 1462 Romani
1742 1404 2057 1463 diminutio-

537 1510 651 1562 nes,
698 1488 914 1545 diverfis
944 1487 1288 1568 temporibus
1317 1488 1533 1568 publice
1567 1487 1909 1562 constituta8‚
1969 1488 2051 1547 in-

538 1536 876 1654 telligimu83
919 1572 1117 1653 quibus
1166 1594 1226 1630 as
1284 1572 1480 1631 scilicet
1508 1595 1541 1630 a
1569 1573 1810 1653 pondere
1855 1573 2054 1648 librali,

537 1680 777 1738 primum
846 1657 916 1715 ad
965 1657 1201 1730 sextam,
1270 1656 1466 1715 deinde
1523 1658 1594 1714 ad
1649 1657 2053 1732 duodecimam,

540 820 578 847 (ί

540 904 577 931 ίί

539 1326 577 1352 (ί

537 1776 622 1814 endi
644 1786 763 1814 artem
780 1775 966 1823 invenifle,
1001 1789 1048 1814 ex
1068 1775 1138 1814 affe
1153 1776 1277 1815 nostro
1298 1775 1429 1824 librali,
1462 1776 1612 1830 aliisque
1628 1775 1822 1831 permultis
1841 1775 1965 1815 adhuc
1984 1789 2053 1815 ex-

538 1837 713 1888 tantibus,
747 1837 935 1889 probabile
958 1837 1021 1876 est.

600 1898 669 1936 Sed
692 1898 777 1937 alias
798 1898 973 1950 quasdam
990 1897 1205 1937 discriminis
1221 1908 1324 1938 notas
1356 1899 1451 1938 inter
1494 1912 1671 1937 nummos
1693 1898 1776 1936 istos
1805 1912 1826 1936 a
1846 1896 1944 1936 Phil.
1974 1898 2053 1936 Bu-

539 1959 699 1997 onarotti
742 1959 957 1997 constitutas
979 1959 1244 2005 animadverti3
1299 1960 1363 2012 qui
1389 1969 1498 2012 caput
1523 1960 1619 1998 istud
1635 1958 1789 2005 bifrons,
1830 1972 1906 2010 quo
1934 1958 2054 2012 figna-

539 2029 594 2058 tos
626 2034 687 2058 eos
724 2020 814 2073 saepe
835 2019 1017 2066 videmus,
1051 2020 1089 2058 in
1119 2020 1267 2058 nummis
1290 2021 1463 2069 Etruscis,
1485 2019 1656 2071 juvenile
1677 2027 1713 2057 et
1748 2017 1902 2073 imberbe
1916 2033 1961 2058 ac
1987 2019 2054 2072 pi-

538 2081 587 2118 leo
615 2082 757 2129 testum,
792 2081 828 2118 in
852 2082 1032 2119 Romanis
1054 2090 1194 2129 contra,
1214 2079 1404 2119 barbatum
1426 2095 1470 2119 ac
1489 2080 1618 2120 nudum
1636 2081 1779 2133 semper
1808 2080 1975 2130 inveniri,
1998 2080 2057 2119 di-

540 2142 599 2182 cit.
668 2142 772 2195 [Vid.
796 2141 968 2181 Addend.
992 2142 1039 2180 ad
1063 2142 1234 2194 Dempst.
1269 2143 1393 2181 Etrur.
1412 2144 1507 2195 Reg.
1528 2156 1563 2195 p.
1585 2140 1673 2196 38]
1739 2143 1792 2180 At
1809 2140 1888 2180 haec
1903 2155 2057 2194 quoque

538 2204 719 2241 distinclio
740 2217 979 2254 nequaquam
993 2217 1077 2242 vera
1091 2202 1159 2241 effe
1178 2203 1323 2242 videtur
1337 2224 1348 2250 3
1382 2217 1470 2242 nam
1487 2203 1558 2242 hac
1586 2203 1737 2250 ratione,
1758 2201 1870 2240 affern
1883 2203 2059 2241 nostrum*

537 2264 708 2303 libralem
731 2274 767 2302 et
791 2264 992 2302 Etruscum
1009 2274 1045 2302 et
1082 2265 1300 2303 Romanum
1321 2265 1428 2303 fimul
1450 2265 1616 2303 dicamus
1638 2263 1776 2302 neceffe
1798 2264 1864 2301 erit
1873 2283 1884 2310 3
1920 2264 2051 2302 Etrus-

539 2339 641 2372 cum,
675 2325 762 2376 quia
783 2325 900 2376 capite
924 2324 1097 2372 bifronte,
1131 2325 1288 2364 imberbi
1304 2339 1345 2365 ac
1366 2325 1518 2378 juvenili
1533 2346 1544 2373 5
1582 2327 1817 2374 Romanurn,
1845 2324 1933 2377 quia
1949 2324 2061 2363 nudo,

537 2399 606 2424 nce
627 2385 763 2437 pileato
785 2386 943 2436 signatus
973 2385 1038 2424 est.

596 2449 611 2490 ἶ(
647 2445 739 2485 Plin.
763 2446 861 2485 Hist.
887 2447 978 2486 Nat.
997 2446 1021 2486 l.
1045 2460 1112 2500 33.
1134 2460 1172 2501 32

814 2525 840 2564 Ε
1934 2518 2054 2563 tum
