2425 3152
872 215 1509 274 INDEX.

391 332 465 368 tur
483 341 497 368 .·
533 328 578 366 et
606 336 687 366 cur
704 314 1029 366 Bacchantium
1051 335 1224 364 coronae
1247 335 1301 365 ex
1324 315 1486 364 hedera
1514 315 1793 381 potissimum
1818 330 1924 360 con‘-

392 387 514 437 fed‘cae
537 386 690 446 effent,
729 385 993 434 declaratur.
1066 390 1183 434 Item
1212 387 1268 433 de
1291 385 1429 433 oculis
1471 383 1768 450 lmagunculae
1793 381 1924 447 hujus

391 457 608 521 argenteis
633 457 806 504 mentio
838 453 954 503 facta
978 453 1070 515 est3
1109 469 1242 520 atque
1261 454 1411 501 oculos
1436 454 1535 502 istos
1564 452 1836 501 conficiendi
1857 463 1924 497 at-

390 543 479 592 que
504 524 722 572 inserendi
746 537 904 584 artem,
930 524 987 571 ad
1007 523 1206 590 Opifices
1229 523 1446 589 quosdam
1479 525 1691 588 proprios,
1729 540 1754 568 a
1779 519 1923 584 sculp-

391 595 558 643 toribus
573 594 762 642 diversos
781 593 1052 659 pertinuisse,
1090 593 1351 642 declaratur.
1426 595 1484 639 ΙΙ.
1510 592 1777 639 Gladiatoris
1801 592 1923 635 Ima-

391 663 589 730 guncula
628 681 760 711 aenea.
833 663 924 710 Ubi
943 662 999 710 de
1034 662 1311 710 Gladiatorio
1350 661 1583 726 pugnandi
1622 678 1746 708 more
1784 674 1926 723 pauca

392 731 598 799 quaedam
622 732 860 779 dicuntur:
899 744 1035 795 atque
1065 730 1183 779 hanc
1215 729 1575 794 Imagunculam,
1607 748 1633 776 a
1665 728 1926 775 Gladiatore

392 803 544 867 aliquo
577 800 750 857 celebri,
789 800 848 847 ob
872 801 1103 848 victoriam
1117 812 1293 868 partam
1318 798 1387 845 vel
1406 798 1656 847 libertatem
1679 808 1923 862 acceptam,

392 889 449 919 ex
473 883 578 918 voto
605 873 706 918 Deo
729 868 863 916 alicui
886 868 1083 917 dicatam
1117 868 1260 927 fuiffe,
1298 867 1584 933 conjefflrtur.
1657 871 1740 915 III.
1812 868 1927 912 Duae

391 939 486 988 aliae
525 939 768 987 hominum
813 938 1036 987 Icunculae
1080 940 1332 1004 incognitae.
1405 941 1612 1003 Qarum
1650 954 1742 984 una
1774 947 1928 981 tamen

396 1010 658 1056 Germanici
679 1006 887 1068 fortaffe3
925 1007 1061 1056 altera
1084 1008 1258 1057 Etrusci
1278 1007 1438 1054 Herois
1455 1018 1533 1054 aut
1551 1008 1640 1056 Dei
1659 1004 1826 1071 effigies
1840 1001 1926 1050 esse

394 1078 581 1127 videtur.

1054 1207 1167 1255 Tab.
1201 1211 1304 1256 XV.

465 1293 625 1338 Patera
646 1305 780 1346 aenea,
818 1287 886 1334 uti
909 1285 1044 1352 vulgo
1067 1298 1261 1335 vocatur.
1333 1284 1423 1333 Ubi
1459 1284 1632 1333 vascula
1656 1282 1930 1350 hujusmodi,

396 1358 520 1408 haud
544 1362 660 1407 recte
680 1360 853 1405 Pateras
876 1356 966 1403 dici
988 1377 1001 1416 3
1042 1373 1187 1421 neque
1224 1355 1281 1402 ad
1307 1356 1463 1402 vinum
1501 1357 1692 1402 omnino
1734 1353 1930 1402 funden-

395 1428 523 1487 dum,
560 1440 612 1474 ut
634 1445 688 1474 ex
715 1443 873 1473 eorum
912 1424 1056 1472 forma
1093 1437 1289 1490 apparet,
1328 1424 1669 1472 accommodata
1715 1423 1817 1483 effe,
1856 1423 1931 1471 sed

397 1497 457 1544 ad
484 1496 661 1544 aridum
686 1496 832 1560 potius
860 1494 1078 1560 quiddam
1103 1494 1172 1541 vel
1196 1496 1292 1542 Diis
1322 1493 1507 1541 Laribus
1536 1495 1584 1540 in
1609 1491 1836 1552 sacrificio,
1861 1492 1931 1541 vel

397 1566 674 1614 coenantibus
694 1562 870 1612 fortaffe
902 1566 949 1611 in
967 1565 1187 1622 convivio,
1225 1562 1525 1621 offerendum,
1563 1563 1763 1610 adhibita
1786 1561 1930 1621 fuiffe,

396 1635 692 1701 conjectatur:
734 1647 833 1680 tum
858 1631 1024 1698 figuras
1047 1635 1095 1680 in
1120 1632 1207 1680 hoc
1228 1631 1403 1681 vasculo
1423 1631 1674 1698 insculptas,
1713 1632 1770 1680 ad
1800 1632 1931 1681 Ledae

398 1702 607 1752 fabellam
627 1701 875 1751 referendas
899 1702 996 1751 effe.

1022 1835 1067 1879 T
1069 1835 1135 1881 ab.
1169 1837 1296 1880 XVI.

467 1910 610 1959 Aliud
637 1910 864 1958 vasculum
882 1910 1079 1977 ejusdem
1104 1911 1257 1960 formae
1285 1929 1336 1959 ac
1370 1913 1551 1978 generis.
1625 1910 1715 1957 Ubi
1733 1909 1790 1956 de
1814 1907 1933 1976 figu-

400 1982 456 2028 ris
477 1982 614 2029 etiam
640 1981 687 2027 in
720 1998 787 2038 e0,
837 1981 1019 2045 perinde
1042 1983 1164 2028 acin
1203 1983 1353 2029 ceteris
1390 1982 1653 2048 plerumque
1690 1978 1931 2046 insculptis,

398 2049 662 2115 conjecturae
687 2048 892 2114 quaedam
922 2064 1250 2116 proponuntur.

1015 2181 1129 2229 Tab.
1166 2184 1312 2228 XVII,

468 2259 617 2310 Hastae
641 2263 833 2327 antiquae
860 2261 1095 2328 spiculum,
1133 2277 1267 2326 atque
1291 2263 1585 2311 instrumenta
1609 2263 1702 2310 duo
1741 2261 1932 2323 fabrilia,

400 2348 456 2377 ex
480 2349 562 2378 aere
590 2329 804 2380 confecta.
862 2333 954 2380 Ubi
985 2333 1041 2381 de
1088 2332 1237 2380 Hastis
1281 2346 1325 2381 et
1375 2333 1545 2381 Gladiis
1571 2346 1784 2391 veterum,
1836 2333 1935 2398 post

400 2398 570 2447 ferrum
589 2402 1002 2461 etiam‘inventum,
1038 2420 1094 2450 ex
1134 2421 1216 2450 aere
1254 2400 1391 2460 safris,
1431 2402 1652 2450 differitur
1672 2423 1685 2461 3
1725 2414 1860 2465 atque
1884 2404 1932 2448 in

400 2467 702 2519 instrumentis
726 2469 972 2520 istiusmodi
992 2469 1271 2532 fabricandis,
1311 2491 1378 2532 κε,
1398 2472 1704 2539 promiscuum
1728 2470 1807 2519 diu
1825 2488 1934 2518 cum

1034 2556 1052 2583 1
1814 2537 1934 2586 ferro
