2425 3152
667 225 1187 286 TABULA
1273 226 1442 286 XIV.
1693 233 1805 307 163

290 327 498 409 quippe
537 332 576 361 “
623 328 898 400 mulieres,
965 326 1163 407 inquit,
1212 326 1491 386 Bacchicis
1532 327 1810 387 furoribus

292 418 330 445 ‘⁶
374 427 660 491 correptae,
705 412 775 468 ad
823 412 1083 470 hederam
1122 410 1274 470 recia
1320 413 1594 484 feruntur,
1639 435 1809 492 quarn

292 501 332 530 “
377 494 629 553 manibus
659 495 840 553 statim
870 495 1189 577 arripientes
1223 518 1286 552 ac
1315 496 1661 568 devoranteS‚
1707 496 1809 554 dis-

291 584 330 613 “
373 595 649 659 cerpunt3
698 578 775 637 ita
803 595 870 637 ut
898 603 1012 637 non
1064 579 1172 637 fide
1210 579 1439 637 omnino
1469 578 1677 661 indigni
1707 580 1810 638 effe

291 668 331 697 “
370 663 684 737 videantur,
730 664 823 743 qui
854 664 1072 721 hederae
1101 663 1346 743 spiritum
1369 665 1647 744 quendam
1676 662 1811 721 ines-

292 753 333 781 “
377 747 427 805 se
465 748 674 821 dicunt,
738 747 833 827 qui
882 747 1143 806 insaniam
1175 747 1531 828 furoremque
1583 747 1810 820 excitat,

292 837 331 865 ‘⁶
377 832 695 912 mentesque
740 832 1033 890 hominum
1063 831 1329 893 labefacit,
1376 848 1431 890 et
1475 832 1675 913 absque
1699 832 1812 890 vini

292 921 331 950 “
375 938 501 996 ope,
547 916 808 974 ebrietate
837 937 900 975 ac
930 915 1299 974 dele&arione
1323 917 1567 996 quadam
1598 939 1691 974 eos
1714 939 1813 997 po-

294 1005 334 1034 “
378 999 639 1058 tiffimum
662 999 846 1061 afficit,
891 1001 985 1080 qui
1019 1001 1091 1058 ad
1121 999 1511 1058 concitationes
1549 1000 1809 1076 ejusmodi

294 1089 334 1117 ‘⁶
378 1084 642 1142 fanaticas
702 1100 902 1142 natura
959 1084 1311 1164 procliviores
1362 1084 1555 1143 fint¹.‘'
1670 1087 1814 1143 Haec

293 1167 573 1226 Plutarchi
623 1168 900 1229 sententia,
946 1190 980 1225 a
1031 1168 1210 1226 Plinio
1255 1168 1387 1227 item
1434 1168 1813 1242 confirmatur,

292 1251 389 1332 qui
419 1251 623 1310 hederae
643 1253 885 1328 succum,
929 1252 1134 1334 largius
1168 1268 1374 1334 potum,
1439 1269 1665 1312 mentem
1697 1268 1815 1310 tur-

293 1338 446 1412 bare,
491 1352 542 1395 et
588 1352 748 1419 caput
787 1352 1052 1418 purgare,
1120 1338 1397 1418 nervisp‘cte
1444 1360 1643 1411 meere,
1696 1336 1817 1395 scri-

294 1420 423 1479 bi‘r2.
513 1423 709 1502 Atque
737 1423 810 1479 ob
840 1422 984 1479 hanc
1028 1420 1249 1480 fortasse
1294 1421 1512 1480 causam
1543 1421 1816 1496 hederam,

293 1505 436 1564 inter
463 1506 742 1564 doffamm
760 1508 992 1588 praemia
1013 1506 1296 1584 frontium
1325 1506 1663 1579 recensitam,
1712 1508 1817 1562 Po-

293 1590 500 1671 etisque
530 1591 822 1672 praesertim
874 1613 974 1671 pro
1023 1613 1229 1649 corona
1287 1591 1475 1649 datam
1524 1591 1740 1669 legimur
1766 1600 1814 1650 ³:

294 1691 520 1757 propter
577 1674 880 1734 inebriandi
935 1675 1149 1750 scilicet,
1221 1675 1328 1733 five
1385 1675 1815 1734 enrhufiasmum

358 1848 371 1866 ¹
406 1844 601 1886 Plutarch.
630 1846 773 1902 Qaest.
797 1847 914 1887 Rom.
932 1846 979 1886 ad
995 1846 1079 1888 Fin.

357 1904 373 1922 ²
406 1909 493 1948 Lib.
520 1922 587 1958 24.
611 1922 646 1948 e.
669 1922 708 1948 x.

359 1977 372 2002 ³
408 1971 505 2009 Hor.
529 1969 606 2010 Od.
639 1969 664 2010 l.
705 1984 740 2010 1.
770 1983 804 2010 1.
868 1968 1008 2008 Coelius
1043 1967 1136 2007 item
1158 1968 1389 2016 Valerianus,
1424 1967 1599 2007 Medicus
1622 1968 1814 2019 antiquus,

296 2030 382 2070 artis
405 2031 475 2070 suae
496 2030 736 2083 experientia,
769 2041 813 2069 ut
846 2031 995 2069 credere
1018 2030 1119 2077 licet,
1152 2031 1317 2077 edocrus,
1350 2029 1448 2069 hanc
1461 2029 1619 2067 eandem
1637 2029 1712 2066 vim
1734 2030 1815 2068 He-

297 2091 392 2130 derae
405 2091 598 2139 attribuit;
633 2105 775 2143 eamque
794 2105 872 2130 cum
895 2089 1050 2139 bibitur,
1084 2091 1210 2129 mentis
1230 2104 1388 2128 errorem
1426 2089 1608 2136 inducere,
1643 2090 1815 2129 declarat.

359 2153 470 2192 N.B.
506 2153 596 2192 Hoc
616 2162 742 2191 autern
765 2165 893 2200 omne,
939 2152 1041 2204 quod
1075 2152 1121 2190 de
1156 2150 1301 2190 hederae
1331 2152 1370 2191 vi
1398 2151 1599 2189 inebriante
1628 2149 1701 2188 hoc
1734 2151 1817 2189 loco

297 2214 442 2252 dietum
459 2213 527 2259 est,
549 2227 570 2252 a
587 2212 757 2251 familiari
775 2226 861 2251 meo
877 2212 1018 2260 multis,
1042 2212 1137 2250 mihi
1158 2212 1372 2250 nominibus
1388 2212 1584 2260 cariffimo,
1616 2212 1814 2265 Gulielmo

298 2275 503 2315 Heberden
527 2274 590 2314 M.
614 2275 666 2313 D.
700 2273 858 2326 Collegii
884 2274 973 2313 Div.
998 2273 1135 2325 Johan.
1153 2273 1250 2326 apud
1270 2273 1586 2324 Cantabrigienses
1606 2273 1717 2321 socio,
1752 2286 1816 2310 ac-

297 2336 391 2388 cepi.
459 2335 539 2387 Qi
554 2335 601 2373 ad
618 2335 718 2374 Artis
742 2335 902 2373 Medicae
922 2335 1128 2381 scientiam,
1151 2348 1223 2386 qua
1242 2334 1395 2386 quidem
1413 2334 1558 2386 egregie
1582 2334 1734 2385 praestat‚
1754 2334 1816 2371 lit-

296 2407 389 2436 teras
406 2410 462 2435 eas
482 2409 613 2434 ornnes
631 2396 903 2445 reconditiores,
936 2405 1047 2447 atque
1069 2410 1111 2434 ea
1135 2395 1376 2433 humanitatis
1393 2395 1509 2433 studia
1527 2394 1706 2446 adjunxit,
1736 2408 1817 2447 quae-

297 2458 494 2498 hominem
516 2457 724 2510 ingenuum
740 2471 885 2507 ornare,
918 2456 1062 2509 suisque
1081 2457 1296 2507 jucundum
1317 2455 1465 2495 reddere
1486 2466 1635 2508 queant.

957 2518 1020 2575 X
1070 2538 1100 2573 2
1542 2515 1819 2594 quendam
