2425 3152
713 202 1180 265 TABULA
1254 209 1398 266 XX.
1707 229 1833 285 ως,

393 312 480 368 At
509 329 642 366 vero
685 329 897 381 omneS‚
943 308 1038 389 qui
1071 310 1138 367 de
1184 309 1518 390 ponderibus
1560 311 1643 368 his
1687 314 1826 370 anti-

309 393 430 472 quis
486 391 826 471 scripserunt‚
893 414 957 450 ac
1006 409 1287 452 momenta
1324 415 1515 452 eorum
1571 412 1825 454 accurate

306 475 529 533 definire
580 476 763 533 conati
792 476 936 549 sunt,
989 498 1248 558 magnam
1286 477 1341 534 in
1380 477 1454 535 eis
1500 478 1622 535 sane
1652 480 1823 536 varie-

304 574 476 617 tatem
505 574 560 616 et
602 559 1014 640 discrepantiam
1044 529 1116 617 seo
1126 560 1383 618 invenisse
1407 561 1617 634 dicunt,
1663 562 1736 620 ita
1756 579 1822 621 ut

302 642 358 700 in
385 643 607 724 singulis
641 665 754 700 non
785 644 954 700 modo
985 643 1179 716 Italiae,
1225 644 1314 700 sed
1343 644 1491 701 urbis
1536 645 1699 703 etiam
1739 646 1822 726 ip-

302 726 409 784 fius
453 726 787 808 regionibUS‚
834 725 1041 784 diversa
1074 749 1267 784 eorum
1291 748 1490 807 genera
1520 728 1575 785 in
1599 730 1699 787 usu
1729 729 1819 787 fu-

301 810 393 868 iffe
427 810 758 884 existiment,
803 833 930 891 quae
977 811 1048 869 ad
1079 812 1371 869 modulum
1419 812 1659 892 aliquem
1705 835 1818 871 cer-

300 910 423 952 tum
462 895 882 976 legitimumque
911 917 943 952 a
996 894 1400 975 magistratibus
1445 896 1595 953 haud
1647 897 1816 978 redigi

299 994 639 1058 potuerunt:
684 1000 924 1058 quorum
955 977 1178 1058 quidem
1216 979 1497 1058 pleraque,
1545 1002 1671 1060 quae
1714 982 1826 1039 ho-

299 1062 386 1119 die
408 1078 652 1135 manent,
683 1084 715 1120 a
746 1062 997 1121 mensura
1014 1062 1127 1118 fere
1147 1061 1342 1120 ufitata
1370 1061 1617 1137 deficere,
1663 1087 1816 1144 quae-

299 1146 428 1203 dam
457 1162 644 1205 tamen
675 1161 887 1217 contra,
927 1146 1158 1204 eandem
1186 1146 1513 1239 exsuperare
1536 1149 1815 1228 reperiun-

295 1238 437 1288 tur¹.
529 1234 724 1310 Atque
754 1231 873 1287 haec
896 1230 1208 1322 ponderum
1236 1230 1592 1311 antiquorum
1621 1231 1813 1289 discre-

289 1313 502 1394 pantia,
545 1336 904 1372 nummorum
933 1314 1064 1371 item
1093 1335 1393 1386 aeneorum,
1438 1336 1534 1394 qui
1563 1315 1632 1372 ad
1673 1338 1812 1396 pon-

293 1398 487 1456 derum
526 1398 763 1456 rationes
794 1398 1001 1479 semper
1035 1396 1435 1456 accommodari
1477 1397 1666 1473 solent,
1712 1422 1818 1458 va-

292 1481 509 1541 rietates
541 1504 630 1541 eas
664 1482 824 1562 supra
847 1482 1109 1540 indicatas
1127 1482 1399 1562 explicare
1420 1482 1636 1562 poterit.

807 1651 1122 1709 SECT
1196 1653 1271 1709 ΙΙ.

290 1803 625 1938 POndera
652 1824 716 1861 ea
744 1803 975 1878 minora,
1023 1825 1260 1885 quorum
1305 1803 1492 1863 seriem
1524 1807 1804 1886 quandam

452 1910 710 1969 proximo
747 1889 870 1946 loco
921 1889 1289 1969 descriptam
1286 1888 1543 1963 idemus,
1592 1891 1803 1949 nonnisi

286 1971 509 2030 unciam
538 1988 780 2030 veterem
810 1973 1031 2053 ejusque
1060 1988 1239 2053 part-es
1269 1972 1480 2052 aliquas
1518 1973 1798 2033 exhibent.

286 2057 377 2113 Ex
406 2055 566 2114 variis
594 2072 784 2113 autem
821 2078 1013 2114 eorum
1044 2071 1340 2114 momentis
1390 2056 1686 2136 perspicere
1737 2058 1801 2116 li-

286 2156 409 2212 cet3
457 2139 646 2197 uncias
677 2139 852 2212 hasce,
896 2155 1063 2220 prout
1085 2139 1140 2196 in
1159 2139 1290 2197 locis
1322 2138 1536 2196 diversis
1568 2158 1800 2221 reperta,

284 2224 464 2281 autad
481 2223 610 2281 usus
620 2223 854 2281 diversos
865 2222 1123 2280 adhibitae
1134 2222 1318 2295 effent²
1344 2238 1399 2280 et
1420 2224 1801 2304 magnitudine

284 2308 611 2389 plerumque
629 2323 684 2367 et
693 2307 937 2390 pondere
954 2328 987 2364 a
1007 2307 1057 2364 se
1076 2305 1307 2364 invicem
1326 2306 1651 2388 discrepasse.
1671 2311 1744 2366 M
1748 2331 1812 2366 e-=-

761 2422 779 2469 ζ
811 2415 900 2456 Vid.
929 2416 1182 2469 Hoop.ib‚p.
1212 2430 1308 2472 173·
1700 2475 1748 2532 d
1791 2475 1798 2480 .

964 2496 993 2533 Ι
1737 2498 1805 2534 {Ch
