2425 3152
447 461 1648 602 INDEX

286 790 525 846 RERUM
571 810 700 869 quae
730 787 787 846 in
831 788 915 846 his
944 786 1226 847 TABULIS
1251 788 1535 872 descriptae
1564 804 1734 870 atque
1764 789 1820 847 in

372 874 981 932 DrsSERTA‘rIoNrBus
1028 873 1227 933 deinde
1260 874 1554 957 explicatae
1591 875 1737 934 sunt.

854 1175 910 1221 In
950 1172 1129 1221 Tabula
1165 1177 1201 1222 Ι.

397 1257 547 1302 litura
562 1254 762 1319 antiqua,
784 1271 839 1300 ex
864 1251 1084 1321 sepulchri
1103 1256 1256 1303 veteris
1276 1255 1456 1320 pariete,
1484 1257 1644 1303 Romae
1665 1255 1825 1305 excisa.

289 1254 396 1389 P
432 1324 522 1371 Ubi
542 1323 597 1371 de
613 1322 838 1370 historiola
864 1324 913 1371 in
940 1342 991 1371 ea
1019 1324 1229 1389 expreffa,
1266 1336 1312 1372 et
1332 1325 1389 1372 de
1420 1322 1671 1390 figurarum
1696 1325 1827 1373 vesti-

287 1407 338 1441 tu
358 1411 409 1440 ac
433 1393 743 1458 descriptione,
756 1390 1020 1457 conjee'turae
1038 1394 1245 1459 quaedam
1266 1392 1566 1459 proferuntur.
1623 1395 1750 1442 Tum
1770 1395 1827 1443 de

289 1464 470 1529 pieturis
495 1462 757 1521 istiusmodi,
793 1463 841 1509 in
865 1464 1088 1528 parietum
1124 1465 1310 1511 teetorio
1336 1465 1527 1528 repertis,
1582 1482 1826 1530 earumque

288 1534 461 1598 origine
480 1549 532 1579 ac
555 1531 820 1598 praestantia,
857 1532 1080 1580 nonnulla
1101 1534 1348 1598 generatim
1367 1531 1650 1582 differuntur.

955 1663 1069 1711 Tab.
1110 1667 1169 1711 ΙΙ.

360 1744 526 1807 Figura
555 1741 798 1801 muliebris,
827 1742 1077 1808 porcellum
1101 1744 1272 1796 dextra,
1310 1757 1444 1809 atque
1467 1745 1744 1793 infantulum
1767 1745 1827 1793 fi-

290 1813 425 1862 nistra
451 1810 634 1876 gestans.
705 1812 796 1858 Ubi
820 1811 1064 1860 infantulos
1097 1813 1154 1860 ad
1194 1816 1397 1860 Deorum
1422 1814 1576 1862 altaria
1599 1815 1822 1875 initiandi,

288 1900 341 1930 ae
365 1881 632 1929 nominandi
656 1881 761 1927 ritus
785 1900 954 1941 omnes,
977 1899 1083 1929 cum
1109 1883 1228 1947 apud
1257 1886 1432 1931 Graecos
1450 1896 1549 1931 tum
1575 1888 1821 1944 Romanos,

291 1951 384 1999 fuse
407 1951 505 1998 satis
530 1949 823 2017 explicantur.

939 2083 1052 2131 Tab.
1091 2082 1175 2132 ΙΙΙ.

367 2179 407 2208 1.
444 2158 569 2208 Bulla
593 2175 738 2206 aurea.
812 2158 901 2206 Ubi
950 2159 1006 2206 de
1045 2159 1179 2206 Bullae
1220 2160 1297 2206 usu
1336 2174 1471 2224 atque
1504 2163 1675 2225 origine
1702 2161 1821 2226 apud

291 2242 453 2278 veteres
490 2231 720 2275 Romanos
744 2227 1032 2292 disquiritur:
1087 2246 1276 2294 eamque
1310 2247 1454 2294 neque
1479 2229 1813 2289 cordiformem,

290 2317 450 2365 neque,
492 2310 544 2344 ut
570 2297 805 2344 doetorum
834 2297 1034 2363 plerique
1057 2297 1324 2356 existimant,
1382 2316 1407 2344 a
1446 2300 1824 2365 triumphantibus

291 2370 481 2415 omn-ino
505 2366 736 2432 gestatam,
789 2385 936 2431 neque
979 2366 1197 2413 nobilibus
1232 2369 1471 2432 propriam,
1511 2368 1581 2416 sed
1622 2371 1823 2435 ingenuis

293 2436 540 2502 promiscue
561 2437 770 2483 omnibus
794 2454 875 2502 pro
907 2437 1089 2484 arbitrio
1131 2436 1386 2500 permifl'am
1428 2436 1526 2495 effe,
1564 2438 1823 2489 ostenditur.

299 2525 371 2555 11.
413 2506 617 2554 Mulieris
642 2518 776 2571 atque
821 2504 1053 2563 Infantuli,
1096 2507 1169 2553 cui
1197 2505 1322 2552 Bulla
1360 2524 1415 2554 ex
1440 2506 1557 2553 collo
1588 2508 1822 2573 dependet,

1005 2593 1032 2636 ⁴a
1524 2579 1825 2640 imaguncula·
