2425 3152
626 226 933 287 TABU
984 228 1128 286 LA
1195 229 1334 286 ΧΗ.
1683 246 1798 303 147

287 334 359 392 vi.
450 334 534 391 At
555 353 734 412 neque
757 331 963 404 Vestae‚
1007 331 1091 389 uti
1116 327 1581 389 Montfauconius
1619 332 1803 391 existi-

285 419 495 488 mabat,
541 437 720 495 neque
758 415 859 473 ulli
888 415 1118 473 omnino
1168 415 1472 485 fimulacr0‚
1524 436 1643 472 eam
1667 416 1801 473 bafis

285 500 421 559 olim
447 499 622 558 vicem
652 499 864 557 subiisse
908 499 1138 571 constat,
1189 498 1278 555 sed
1327 498 1567 555 lucernae
1619 500 1802 578 potius

283 584 379 643 seu
413 583 743 642 Candelabri
772 583 939 640 imam
982 598 1193 663 partem
1222 580 1375 639 fuiffe
1394 604 1410 653 3
1458 597 1526 639 ut
1570 603 1642 638 ex
1661 581 1804 641 fora-

286 667 433 727 mine
463 668 705 748 quodam
750 669 940 747 amplo
978 689 1040 724 ac
1085 665 1328 723 rotundo
1370 665 1624 745 colligere
1664 667 1802 733 licet,

286 752 435 832 quod
466 751 521 809 in
561 767 716 832 parte
749 751 864 826 ejus
895 749 1168 830 superiore
1206 749 1325 823 jam
1356 770 1599 807 vacuum
1621 751 1803 824 restat,

286 857 388 894 nec
418 835 514 894 nis1
544 836 614 894 ad
643 835 850 894 vasculi
895 834 1176 909 cujusdam
1209 832 1444 914 stipitem
1475 849 1805 893 truncumve

284 919 696 1000 excipiendum,
744 934 996 999 paratum
1025 918 1128 976 effe
1159 933 1384 998 apparet
1405 925 1437 974 ¹.

372 1003 635 1083 Tripodis
660 1019 848 1061 autem
876 1001 1075 1075 forma,
1125 1024 1295 1082 quam
1318 1002 1452 1059 bafis
1493 1002 1675 1062 nostra
1714 1026 1808 1085 ge-

288 1087 376 1158 rit,
422 1108 545 1145 eam
572 1087 642 1144 ad
671 1089 1007 1167 templorum
1035 1085 1197 1143 usum
1227 1086 1465 1165 aliquem
1495 1086 1809 1166 pertinuisse

287 1170 561 1242 ostendit3
628 1170 682 1227 in
707 1171 908 1250 quibus
937 1170 1167 1243 mensaS,
1214 1171 1499 1250 arulasque
1521 1171 1684 1229 etiam
1717 1172 1812 1230 tri-

288 1255 457 1335 podes
486 1253 783 1311 consecrari
831 1253 1211 1336 cognovimus„
1302 1255 1409 1311 Sed
1455 1269 1510 1311 et
1530 1254 1811 1335 sculptura

285 1337 455 1397 etiam
484 1336 747 1418 quiddam
791 1354 991 1396 notatu
1035 1337 1265 1418 dignum
1311 1339 1534 1418 praebet.
1640 1342 1812 1398 Mon-=

289 1423 525 1481 strorum
548 1443 746 1503 nempe
777 1422 973 1502 species
996 1422 1251 1501 quaedam
1284 1421 1586 1502 fingularis,
1632 1445 1814 1504 neque

285 1506 423 1565 alias
450 1506 563 1565 fere
595 1506 725 1580 visa,
771 1528 843 1564 ex
874 1505 1098 1586 fingulis
1122 1506 1236 1581 ejus
1273 1506 1489 1586 angulis
1530 1507 1815 1588 exsculpta

288 1590 600 1672 prominet3
648 1613 793 1671 quae,
842 1605 1019 1648 cetera
1048 1588 1286 1669 quidem,
1331 1589 1650 1672 sphingibus
1697 1593 1813 1672 pla-

288 1697 359 1732 ne
410 1673 675 1733 fimillima
718 1675 861 1747 sunt,
906 1673 1000 1732 nifi
1042 1675 1193 1754 quod
1222 1674 1388 1732 facies
1416 1674 1519 1732 illis
1548 1674 1813 1734 foeminea

289 1759 501 1839 semper
530 1759 623 1817 seu
651 1759 932 1840 puellaris,
964 1758 1156 1816 nostris
1176 1773 1384 1832 autem,
1414 1757 1582 1816 virilis
1606 1759 1812 1818 tributa

287 1843 384 1901 est.
435 1845 520 1901 At
551 1842 727 1903 nescio
751 1841 1027 1922 equidem,
1061 1864 1134 1900 an
1153 1842 1423 1924 Sphinges
1447 1841 1612 1900 etiam
1637 1865 1812 1902 mares

357 1976 370 1994 ²
399 1971 502 2011 Fort.
527 1972 695 2021 Licetus,
727 1972 845 2011 bafim
868 1971 1057 2024 quandam
1083 1971 1361 2023 triangularem,
1394 1971 1526 2023 insigni
1550 1970 1734 2023 sculptura
1750 1985 1812 2010 or-

288 2042 433 2079 natam,
466 2045 587 2084 neque
609 2032 697 2072 huic
717 2033 845 2072 nostrae
867 2032 1096 2072 fimillimam
1115 2031 1267 2071 exhibet
1284 2063 1293 2078 ,
1336 2046 1356 2070 e
1373 2046 1459 2083 qua,
1494 2031 1693 2070 columella
1709 2047 1811 2083 quae-

293 2094 397 2140 dam,
430 2093 490 2130 cui
506 2093 663 2131 lucernae
681 2094 763 2132 duae
784 2093 973 2132 hincinde
987 2094 1150 2146 appensae
1167 2094 1249 2131 sunt
1264 2093 1300 2130 in
1318 2092 1437 2130 altum
1454 2092 1640 2143 exsurgit:
1674 2092 1713 2130 in
1730 2093 1814 2145 api-

292 2167 333 2192 ce
353 2166 438 2191 vero
461 2151 628 2205 cujusque
643 2153 785 2205 anguli,
802 2164 844 2192 ut
861 2154 1009 2193 Licetus
1024 2155 1097 2206 ipse
1119 2154 1234 2192 bafim
1251 2153 1455 2191 describens
1471 2153 1535 2199 ait,
1559 2151 1736 2206 Sphinges
1751 2154 1812 2192 in-

277 2213 402 2266 sident
424 2213 530 2251 mirae
553 2222 647 2260 tres5
683 2214 802 2266 capite
818 2212 967 2252 barbati
983 2214 1113 2261 Sileni,
1148 2213 1232 2252 collo
1246 2211 1392 2265 prmsscs
1424 2212 1586 2260 humano,
1620 2212 1703 2261 alis,
1721 2229 1812 2252 ven-

293 2284 364 2324 tre,
383 2274 564 2326 caudaque
581 2274 762 2314 draconis.
827 2278 955 2327 Atque
972 2275 1017 2314 ad
1031 2275 1212 2326 ejusmodi
1229 2274 1372 2312 fortasse
1391 2274 1667 2313 Candelabrum
1691 2274 1813 2313 lucer-

294 2349 441 2384 namve‚
477 2336 593 2374 bafim
633 2336 764 2375 itidem
802 2336 963 2375 nostram
982 2336 1195 2388 adjuntstam
1232 2335 1325 2373 olim
1354 2334 1471 2383 fuiffe,
1506 2335 1685 2386 conjicere
1714 2337 1812 2376 licet.

294 2397 382 2436 Vid.
406 2396 524 2436 Licet.
544 2396 589 2435 de
626 2399 787 2437 Lucem.
808 2397 833 2437 1.
861 2399 900 2439 ὁ.
926 2411 958 2438 c.
989 2412 1054 2449 14.
1072 2410 1108 2449 p.
1136 2400 1237 2452 667.
1259 2397 1299 2436 it.
1319 2396 1533 2436 Montfauc.
1552 2396 1638 2437 Vol.
1661 2411 1698 2452 5.
1723 2397 1748 2436 l.
1774 2411 1812 2437 2.

294 2471 327 2498 c.
355 2473 392 2511 9.
418 2458 516 2497 Tab.
537 2472 610 2510 44.

1018 2516 1076 2574 T
1128 2539 1160 2574 2
1646 2538 1678 2573 a
1702 2518 1816 2573 Ve-
