2425 3152
587 251 666 304 62
991 239 1504 299 TABULA
1591 240 1698 298 III.

672 351 814 407 Haec
844 368 977 404 vero
1002 346 1272 404 vitrorum
1305 344 1743 403 Christianorum
1773 342 2101 426 fragmenta,

588 435 644 493 in
667 431 902 514 antiquis
932 432 1133 488 Romae
1165 429 1532 499 CoemeteriiS‚
1579 451 1707 509 quae
1744 431 2110 488 Catacumbae

587 534 880 590 vocantur,
925 513 1131 573 cun&a
1162 513 1274 572 fere
1299 514 1680 594 reperiuntur3
1727 514 1783 572 in
1815 515 1964 571 calce
1991 515 2107 594 ple-

588 623 821 682 rumque
850 598 1281 671 muraliffinfixa,
1306 614 1361 656 et
1383 599 1547 674 juxta
1577 599 1890 656 loculorum
1912 620 2107 656 eorum

586 709 686 745 ora
717 687 809 743 seu
832 700 1129 766 aperturas,
1174 683 1230 741 in
1260 682 1460 762 quibus
1498 698 1848 741 mortuorum
1875 682 2108 740 cadave-

588 793 650 829 ra
680 771 889 851 sepulta
922 770 1121 844 jacent.
1213 772 1363 851 Qae
1393 766 1615 847 quidem
1646 767 1801 824 haud
1830 766 1994 824 aliam
2032 767 2105 823 ob

587 855 806 913 causam
837 853 907 916 ibi
932 852 1104 933 posita
1135 851 1238 908 effe
1282 851 1683 923 existimantur,
1750 872 1919 930 quam
1947 865 2014 908 ut
2051 850 2108 907 in

587 938 795 1019 cryptis
827 936 937 994 istis
966 934 1328 993 subterraneis
1367 950 1422 991 et
1474 934 1829 994 tenebricosis,
1875 956 2001 1012 quae
2051 934 2108 991 in

588 1022 832 1080 infinitos
855 1020 1071 1078 viarum
1101 1034 1334 1091 meatus,
1381 1017 1739 1098 vicorumque
1759 1016 1908 1097 quasi
1931 1016 2109 1075 diver-

588 1107 757 1165 ticula
787 1105 1208 1175 distribuuntur,
1253 1118 1601 1160 mortuorum
1631 1101 1855 1182 quisque
1884 1100 2110 1159 suorum

587 1191 891 1272 sepulchra,
924 1188 1076 1268 signo
1094 1187 1282 1268 aliquo
1305 1186 1527 1267 proprio
1545 1186 1897 1267 dignosceret,
1945 1201 2001 1243 et
2018 1184 2108 1266 pia

587 1276 662 1334 ibi
693 1272 973 1332 defuncffis
994 1273 1087 1331 seu
1103 1271 1465 1330 anniversaria
1483 1271 1743 1352 quaedam
1769 1269 1950 1328 officia
1969 1291 2108 1350 prae-

587 1361 798 1420 staret¹.

672 1448 763 1503 Ex
795 1443 879 1501 his
908 1457 1095 1501 autem
1139 1440 1265 1499 vitri
1316 1439 1656 1521 fragmentis,
1717 1436 1923 1497 etiamfi
1966 1459 2108 1495 non-

587 1532 764 1603 nulla,
808 1543 875 1586 ut
897 1528 1065 1586 modo
1082 1525 1216 1599 dixi,
1240 1526 1570 1606 poculorum
1593 1524 1880 1604 quondam
1900 1522 2106 1579 fundos

587 1615 746 1675 fuiss'e
777 1613 1165 1684 concedamu5‚
1221 1632 1336 1667 non
1380 1608 1456 1667 ita
1503 1625 1687 1667 tamen
1732 1609 1800 1665 de
1849 1606 2108 1664 omnibus

589 1699 945 1759 statuendum
977 1697 1070 1753 est.
1159 1694 1386 1752 Vitrum
1412 1692 1559 1751 enim
1582 1693 1849 1764 nostrum,
1894 1712 1996 1748 nec
2020 1690 2108 1747 su-

589 1784 805 1866 perficie
827 1802 1154 1852 concavum,
1185 1801 1286 1837 nec
1315 1779 1431 1835 ulla
1452 1777 1599 1835 orbis
1631 1776 1710 1834 sui
1729 1792 1884 1856 parte
1913 1773 2106 1832 effrac-

588 1885 730 1942 tum,
777 1868 865 1925 sed
894 1865 1102 1923 circulo
1130 1885 1319 1936 aure0‚
1364 1880 1631 1942 tanquam
1660 1882 1801 1941 opus
1824 1859 2106 1940 quoddam

590 1953 869 2034 integrum
886 1973 949 2008 ac
969 1947 1297 2029 perfe&um,
1328 1948 1397 2004 ab
1416 1946 1610 2026 opifice
1630 1946 1743 2026 ipso
1762 1944 2106 2002 circumduc-

589 2055 712 2096 tum
741 2035 843 2093 effe
873 2049 1134 2116 apparet:
1180 2053 1359 2111 neque
1406 2033 1479 2088 ob
1519 2031 1684 2088 aliam
1725 2045 1869 2087 certe
1892 2027 2107 2085 causam

591 2123 645 2180 in
672 2124 820 2180 hunc
845 2120 1075 2177 modum
1106 2115 1321 2198 pietum
1361 2132 1496 2188 erat,
1543 2136 1711 2195 quam
1739 2130 1805 2171 ut
1835 2112 2106 2171 Foeminae

592 2207 870 2280 cujusdam
895 2202 1088 2260 nobilis
1099 2217 1153 2258 et
1176 2200 1329 2258 filioli
1348 2199 1610 2280 imagines
1634 2199 1704 2256 ad
1726 2199 2003 2258 vivum‚ut
2027 2195 2108 2252 di-

591 2290 752 2362 citur,
799 2288 1101 2360 exhiberet,
1133 2283 1459 2365 posterisque
1490 2284 1787 2341 mandaret.
1879 2279 2106 2363 Qlippe

1078 2393 1089 2417 ³
1124 2385 1211 2426 Vid.
1230 2386 1446 2425 Buonarott.
1466 2383 1571 2424 Praef.
1609 2384 1645 2423 8.
2035 2436 2067 2473 Γ

1999 2458 2106 2495 ana
