2425 3152
713 224 1230 285 TABULA
1319 227 1426 284 m.
1774 249 1851 304 ῃ

336 351 420 389 res
450 324 786 386 mentionem
817 325 1204 400 animadverti,
1252 349 1365 385 non
1389 341 1554 385 antea
1594 326 1705 384 fieri
1733 327 1856 385 soli-

335 431 468 485 tam,
514 432 684 491 quam
715 432 854 491 puer
898 426 1031 492 toga
1051 410 1166 485 jam
1193 409 1335 468 virili
1382 412 1596 491 sumpta
1632 412 1853 468 Bullam

335 494 684 577 deposuisset,
752 494 1098 576 Laribusque
1155 494 1417 569 dicaffet3
1503 495 1854 575 nostramque

334 596 623 663 propterea
667 580 891 637 nomine
937 600 1138 652 carere,
1192 579 1343 659 quod
1394 600 1544 659 puer,
1592 579 1686 659 qui
1730 602 1854 637 eam

333 664 601 748 gestasset,
646 679 944 745 antequam
966 686 1090 722 eam
1119 679 1338 721 aetatem
1358 664 1633 744 attigisset,
1679 680 1856 722 morte

334 764 640 831 praereptus
670 747 813 807 effet.

419 834 586 891 Bulla
618 832 803 891 nostra
833 854 905 890 ex
945 832 1162 891 duabus
1191 831 1308 890 auri
1356 832 1616 913 puriffimi
1647 834 1856 892 laminis

335 917 587 977 rotundis
614 915 873 976 confecta
901 917 991 978 est,
1037 939 1162 997 quae
1205 939 1237 975 a
1283 917 1443 975 tertia
1491 919 1621 976 item
1655 919 1858 976 lamina

335 1003 620 1082 sublonga,
687 1015 747 1060 at
790 1001 845 1059 in
896 1001 1001 1059 sese
1051 1000 1257 1059 reflexa
1301 1001 1392 1058 seu
1446 1002 1738 1082 duplicata,
1803 1019 1860 1062 et

335 1086 572 1167 sculptili
602 1106 769 1166 opere
785 1100 1004 1158 ornata,
1049 1085 1448 1144 claviculorum
1470 1087 1639 1144 trium
1664 1108 1859 1146 aureo-

334 1192 461 1229 rum
488 1191 615 1251 ope,
660 1169 890 1250 superne
932 1167 1363 1228 connectuntur.
1454 1173 1565 1228 Hae
1593 1193 1727 1229 vero
1780 1173 1860 1230 la-

335 1255 500 1314 minae
529 1255 786 1313 rotundae
815 1275 889 1313 ex
916 1254 1070 1313 omni
1120 1254 1229 1313 alia
1274 1269 1429 1335 parte
1480 1277 1513 1313 a
1543 1255 1593 1312 se
1623 1255 1861 1314 invicem

325 1340 441 1415 jam
486 1338 667 1397 divisae
720 1339 866 1412 sunt,
911 1361 1047 1419 quas
1094 1355 1283 1397 tamen
1329 1339 1576 1421 margine
1619 1343 1861 1420 quodam

336 1422 663 1499 conjunctas
692 1423 827 1481 olim
855 1423 1009 1482 fuiffe
1042 1425 1275 1497 constat,
1324 1440 1389 1482 ut
1437 1425 1695 1498 remedia,
1740 1425 1860 1506 opi-

337 1530 460 1582 nor,
517 1508 699 1588 aliqua
728 1507 875 1567 intus
903 1524 1180 1588 caperent,
1226 1531 1352 1589 quae
1383 1509 1452 1565 ad
1483 1509 1861 1567 valetudinem

338 1592 494 1673 pueri
524 1592 787 1650 tuendam
821 1592 1047 1650 valuisse
1085 1593 1490 1665 credebantur,
1556 1594 1862 1674 quibusque

338 1675 574 1749 inclufiS,
622 1676 825 1734 lamina
850 1677 1110 1757 superior,
1156 1677 1367 1758 globuli
1399 1679 1470 1735 ad
1499 1677 1684 1750 instar,
1730 1701 1862 1736 con-

336 1782 480 1818 vexa
510 1761 785 1840 apparuit,
833 1763 1054 1841 qualem
1098 1760 1247 1819 illam
1286 1761 1539 1819 videlicet
1586 1762 1641 1819 in
1673 1763 1863 1821 statuis

336 1844 698 1925 antiquorum
730 1845 984 1919 BullatiS,
1031 1848 1235 1903 Romae
1286 1847 1472 1904 adhuc
1522 1847 1861 1919 extantibUS,

338 1930 628 1987 videmus).

423 2013 604 2071 Bullae
633 2014 846 2075 nostrae‚
891 2029 956 2072 ut
985 2013 1223 2094 primum
1254 2031 1462 2094 reperta
1494 2015 1620 2088 fuit,
1651 2015 1864 2074 histori-

338 2098 508 2168 olam,
565 2098 748 2156 italica
801 2098 991 2179 lingua
1039 2099 1414 2177 conscriptam,
1461 2100 1531 2155 ad
1582 2101 1863 2158 eruditum

340 2181 749 2254 Baudelotium,
790 2181 1113 2240 Academiae
1133 2182 1433 2240 Parifienfis
1451 2184 1675 2257 socium,
1708 2185 1864 2243 mise-

307 2324 309 2326 .
340 2280 424 2322 rat
443 2264 825 2338 Ficcoronius3
860 2266 1014 2341 cujus
1037 2266 1262 2346 quidem
1278 2267 1576 2347 epistolam,
1602 2290 1716 2327 una
1736 2292 1864 2329 cum

404 2376 414 2392 1
450 2363 669 2403 Plutarchus
691 2366 783 2404 item
802 2367 967 2414 Bullam,
1003 2366 1099 2406 lance
1119 2365 1310 2407 dimidiato
1329 2367 1409 2408 orbe
1433 2368 1608 2422 fulgenti
1627 2369 1788 2409 similem
1805 2371 1863 2410 di-

336 2426 401 2468 cit.
465 2425 585 2481 Qest
629 2427 788 2481 Romp.
819 2429 918 2483 388.
953 2429 1001 2468 Β.
1019 2427 1125 2470 Edit.
1149 2430 1245 2470 Par.

1739 2490 1865 2549 Dis-
