2425 3152
558 250 635 306 80
977 248 1448 308 TABULA
1523 252 1629 309 111,

552 355 650 414 nifi
674 378 707 414 a
730 355 966 437 puerulo
995 371 1093 414 aut
1116 356 1439 414 muliercula
1476 353 1672 437 gestari
1702 354 1888 436 poffet.
1978 357 2076 415 Et-

556 440 702 498 enim
733 442 1042 514 RomanOS,
1087 463 1152 498 ea
1174 440 1554 522 magnitudine
1594 441 1811 513 anu108‚
1857 439 1953 520 qui
1986 441 2077 498 vel

552 525 798 606 pondere
825 524 938 606 ipso
960 524 1171 583 molesti
1202 525 1390 598 essent,
1435 525 1644 605 gestare
1666 524 1851 582 solitos
1868 546 2078 604 cogno-

554 631 770 667 vimus:
806 630 925 684 Jam
954 608 1232 683 nonnulli
1262 608 1439 689 inquit
1436 576 1700 682 ζ,Ρὶἰτιίυῆ
1724 609 1967 689 pondera
1997 630 2077 665 eo-

555 716 679 751 rum
703 694 1004 775 ostentant.
970 701 982 722 ¹
1096 698 1291 774 Atque
1308 693 1435 751 hinc
1455 694 1654 751 anulos
1665 692 1882 751 aestivos
1899 692 2078 750 hiber-

553 778 762 859 -nosque
785 800 877 835 eos
907 777 1175 850 habuisse,
1221 799 1323 858 pro
1339 792 1655 857 temporum
1677 776 1877 834 scilicet
1906 776 2079 833 diver-

556 862 724 923 fitate,
770 861 995 919 diversae
1023 861 1183 920 molis
1211 883 1274 919 ac
1297 861 1571 942 ponderis,
1617 883 1649 918 a
1687 861 1967 938 juvenale
1997 862 2078 918 in-

553 946 723 1004 dicari
751 945 985 1003 videtur.

559 1073 800 1131 Ventilet
831 1072 1063 1153 festivum
1092 1074 1274 1154 [figitis
1301 1073 1632 1150 stellantibus
1668 1095 1884 1147 aarum,

556 1159 686 1218 Nec
699 1156 946 1237 ficffirre
973 1172 1135 1238 queat
1163 1157 1380 1233 majoris
1397 1159 1642 1241 pondera
1679 1164 1944 1239 ge7nmae2.

638 1285 886 1367 Singulis
916 1285 1058 1343 hisce
1087 1285 1316 1367 gemmis
1347 1285 1578 1344 virtutes
1603 1284 1867 1366 quasdam
1896 1283 2079 1366 phyfi-

559 1391 648 1427 cas
672 1385 727 1427 et
756 1370 998 1450 proprias
1022 1371 1092 1428 ab
1111 1369 1348 1450 antiquis
1371 1369 1602 1428 tributas
1628 1369 1860 1450 legimus
1882 1394 1898 1442 3
1949 1392 2077 1450 quae

557 1455 628 1512 ad
659 1456 878 1512 morbos
899 1455 1201 1534 pellend08‚
1247 1454 1593 1535 corporisque
1622 1469 1721 1511 aut
1743 1454 1908 1511 animi
1938 1454 2079 1511 vires

559 1539 841 1619 augendas
872 1540 1054 1597 valere
1104 1540 1460 1619 putabantur.
1570 1538 1746 1618 Jaspis
1798 1537 2003 1610 viridis,
2048 1558 2079 1594 e

559 1624 704 1680 collo
734 1623 998 1704 suspensa,
1029 1621 1357 1704 stomachum
1368 1623 1626 1698 firmare,
1671 1644 1735 1679 ac
1768 1622 1992 1679 calculos
2021 1643 2078 1679 u-

556 1708 839 1787 mbramque
878 1707 1171 1789 propellere
1221 1706 1452 1763 traditur
1463 1715 1499 1764 ³.
1591 1707 1840 1763 Adamas
1869 1721 2077 1781 autern,

626 1810 636 1826 ¹
672 1808 770 1847 Hist.
795 1808 848 1846 N.
872 1807 898 1846 l.
925 1822 992 1861 33.
1025 1822 1057 1847 1.
1123 1808 1213 1846 Huc
1234 1807 1346 1845 etiarn
1367 1807 1501 1859 spectat
1524 1806 1705 1845 Martialis
1719 1805 1830 1854 istud,
1865 1805 1910 1844 de
1933 1806 2077 1858 Daety·

562 1867 720 1908 liotheca
742 1869 851 1922 Epig.
875 1869 899 1906 l.
926 1882 990 1920 14.
1033 1883 1046 1907 1
1061 1882 1128 1921 23.

868 1930 966 1982 Saepe
982 1929 1116 1980 gravis
1139 1928 1270 1980 digitis
1303 1927 1462 1967 elabitur
1476 1928 1604 1966 anulus
1626 1928 1771 1974 unam

961 1989 1061 2029 *Tuta
1079 1990 1235 2042 medfiet
1259 1989 1322 2041 sed
1352 1998 1417 2028 tua
1437 2004 1576 2041 gemma
1585 1989 1677 2042 fide.

625 2060 640 2077 ²
673 2054 809 2106 Juven.
834 2054 905 2092 Sat.
937 2066 971 2091 1.
999 2052 1067 2091 28.
1134 2053 1225 2090 Sunt
1246 2061 1370 2089 tamen
1392 2052 1457 2104 qui
1474 2052 1601 2090 anulos
1622 2051 1733 2089 hosce
1749 2050 1900 2098 aestivos,
1935 2063 2009 2088 non
2032 2064 2078 2088 ex

563 2113 731 2166 ponderis
751 2113 808 2152 sed
828 2113 987 2152 materiae
1003 2112 1210 2150 differentia
1226 2112 1467 2164 explicandos
1487 2112 1554 2150 effe
1573 2122 1715 2163 putant.
1784 2111 1933 2163 Qippe
1950 2111 2014 2161 qui
2031 2124 2078 2150 ex

564 2175 765 2214 istiusmodi
787 2174 946 2227 gemmis
983 2173 1104 2212 effesti
1125 2173 1251 2220 essent,
1285 2173 1330 2210 de
1347 2174 1482 2225 quibus
1504 2173 1641 2212 Plinius
1672 2172 1850 2225 loquitur,
1885 2171 2079 2210 Heliotro-

560 2236 629 2288 piis
647 2249 794 2288 nempe,
829 2235 995 2281 Asteriis‚
1027 2234 1254 2273 Mitharibus
1276 2245 1339 2273 aut
1364 2234 1520 2272 Iridibus
1536 2254 1545 2281 ;
1578 2248 1660 2286 quae
1703 2233 1822 2272 aestate
1847 2232 2078 2285 potissimum

564 2297 750 2343 nitescere,
784 2296 948 2347 viresque
967 2297 1044 2334 suas
1061 2295 1253 2343 ostentare,
1289 2306 1325 2333 et
1347 2309 1436 2333 cum
1454 2295 1518 2333 soli
1535 2305 1822 2347 opponerentur,
1856 2307 1990 2345 magna
2013 2307 2077 2330 co-

565 2358 687 2395 lorum
708 2367 866 2395 varetate
889 2356 1170 2394 admirationem
1208 2357 1260 2393 sui
1283 2357 1439 2394 excitare
1459 2356 1624 2395 solerent.
1688 2355 1776 2393 Vid.
1793 2356 1829 2406 J.
1854 2353 2077 2392 Kirchmana

563 2418 608 2456 de
627 2418 742 2456 anulis
759 2432 789 2457 e.
823 2433 883 2469 ¹7·
909 2418 946 2456 it.
971 2417 1063 2456 Plin.
1083 2416 1181 2455 Hist.
1208 2417 1260 2454 N.
1285 2417 1307 2455 l.
1334 2431 1401 2469 37.
1425 2419 1476 2463 ix,
1500 2430 1537 2455 Χ.

625 2487 639 2511 ³
674 2478 759 2518 Vid.
783 2478 938 2517 Anselm
955 2478 1000 2517 de
1019 2479 1124 2517 Boot.
1141 2479 1338 2516 Gemmas.
1362 2477 1458 2517 Hist.
1483 2477 1506 2517 l.
1527 2490 1564 2516 2.
1595 2490 1626 2518 c,
1658 2490 1752 2516 102.

1863 2555 2078 2594 veslema
