2425 3152
694 242 1210 303 TABULA
1297 242 1421 303 X.⁴
1709 268 1827 325 133⁴

315 351 354 381 “
396 343 765 404 carnificinam
806 344 957 424 prius
1001 344 1259 419 subirent,
1327 366 1496 426 quam
1558 347 1697 405 Ibim
1729 365 1826 405 aut

313 434 353 463 ‘⁴
398 428 678 508 Aspidem,
725 445 822 485 aut
852 429 1061 501 Felem,
1117 446 1216 487 aut
1264 431 1495 502 Canem,
1542 446 1641 487 aut
1690 434 1828 488 Cro-

315 520 347 547 “
392 511 637 569 codilum
668 512 891 569 violent.
1003 517 1267 596 Qorum
1319 513 1483 570 etiam
1546 514 1580 570 fi
1624 514 1830 594 impru-

313 600 353 629 “
396 596 588 653 dentes
633 595 914 676 quidpiam
944 595 1187 669 fecerint,
1230 618 1456 676 poenam
1510 599 1723 656 nullam
1754 621 1830 656 re-

316 685 357 716 “
394 679 667 738 cusent1.”
754 683 947 759 Atque
972 680 1084 737 alio
1107 682 1231 738 loco
1251 705 1272 753 3v
1303 687 1341 713 “
1372 696 1428 738 at
1458 702 1589 739 vero
1612 704 1681 739 ne
1711 682 1832 740 fan-

313 782 342 802 <⁶
386 764 459 822 do
478 763 703 844 quidem-
723 764 977 822 auditum
997 764 1095 837 est,
1145 765 1522 838 Crocodilum,
1546 781 1645 824 aut
1669 767 1837 840 lbim,

312 853 354 882 “
398 864 499 906 aut
529 850 716 906 Felem
745 847 1010 906 violatam
1034 850 1104 906 ab
1128 849 1494 929 AEgyptio².”

397 933 522 990 Ibes
553 931 739 1014 igitur,
785 954 915 990 cum
954 947 1111 990 tanta
1142 932 1415 1014 religione
1466 934 1521 991 in
1567 936 1837 1016 AEgypto-

315 1018 502 1089 cultae,
567 1038 631 1074 ac
677 1016 897 1096 publice
946 1017 1073 1074 altae
1115 1015 1303 1091 essent,
1367 1040 1604 1098 cumque
1633 1021 1833 1077 huma-

314 1123 390 1159 no
420 1099 571 1180 quafi
599 1099 865 1158 convictu
896 1115 1061 1179 atque
1084 1100 1314 1158 urbibus
1343 1099 1678 1176 fruerentur,
1759 1104 1833 1161 ci—

313 1205 471 1243 cures
501 1184 746 1258 demum,
812 1184 1225 1264 mansuetasque
1279 1185 1393 1243 fieri
1438 1186 1643 1244 neceffe
1688 1203 1832 1245 erat:

314 1291 495 1349 neque
524 1269 728 1326 mirum
749 1268 872 1326 ideo
890 1267 1029 1326 illud
1049 1268 1218 1326 videri
1236 1269 1418 1343 debet,
1452 1271 1602 1351 quod
1631 1293 1662 1328 a
1686 1273 1844 1329 Stra-

314 1355 460 1411 bone
489 1353 770 1411 memoriae
794 1352 1074 1434 proditum
1097 1353 1174 1410 est
1197 1378 1215 1426 3
1263 1375 1353 1411 eas
1379 1376 1577 1435 nempe
1603 1354 1658 1412 in
1690 1361 1729 1388 “
1749 1360 1844 1414 A--

315 1443 359 1474 “
404 1437 725 1510 lexandriae,
773 1437 938 1495 Urbis
968 1437 1339 1511 refertiffimae,
1385 1438 1515 1496 vicis
1563 1439 1837 1519 triviisque

318 1527 356 1555 “
400 1536 516 1580 tam
560 1520 873 1602 frequentes
916 1521 1155 1601 reperiri,
1202 1537 1267 1580 ut
1295 1522 1601 1581 molestiam
1633 1523 1844 1604 pariter·

316 1611 355 1639 “
401 1628 467 1664 ac
496 1605 795 1664 utilitatem
825 1605 1037 1663 civibus
1066 1606 1298 1679 darent3
1348 1606 1663 1681 utilitatem,
1705 1608 1835 1688 quia

315 1695 354 1722 ‘⁶
398 1705 453 1748 et
470 1691 755 1770 serpenteS,
778 1705 833 1747 et
860 1691 1221 1748 macellorum
1240 1690 1406 1748 etiam
1438 1691 1615 1749 sordes
1643 1714 1845 1750 omnes*

309 1779 343 1807 ‘⁴
386 1775 763 1848 devorabant,
811 1774 1120 1833 molestiam·
1164 1797 1318 1848 verO,
1374 1776 1503 1855 quia
1532 1776 1837 1834 omnivorae

317 1864 357 1892 ‘⁶
401 1874 571 1939 atque
601 1858 924 1931 immundae,
969 1865 1147 1939 neque
1197 1882 1230 1919 a
1274 1860 1494 1917 mundis
1543 1860 1837 1941 alienisque

317 1948 356 1977 “
401 1942 840 2001 contaminandis
870 1942 1030 2002 facile
1061 1943 1417 2023 prohibendae
1461 1960 1615 2002 erant
1634 1945 1710 2003 ³.’'

399 2028 534 2084 Alia
574 2027 698 2084 sane
725 2029 1000 2108 permulta
1038 2028 1107 2085 de
1138 2029 1234 2085 Ibe
1275 2028 1474 2087 tradita
1504 2029 1733 2108 reperiO,
1778 2046 1846 2087 at

317 2109 478 2169 nimis
507 2110 600 2168 illa
657 2112 878 2190 quidem
928 2110 1197 2184 fabulosa,
1244 2133 1412 2191 quam
1462 2127 1525 2169 ut
1555 2113 1719 2170 fidem
1748 2115 1847 2171 ul..„

317 2196 430 2254 lam
458 2194 649 2253 mereri
680 2194 990 2255 videantur.
1030 2197 1179 2254 Illud
1199 2212 1382 2254 tamen
1402 2197 1551 2255 haud
1580 2214 1847 2278 praetere-

379 2330 402 2374 Τ
427 2329 543 2367 Tusc.
571 2329 710 2383 Qaest.
729 2328 754 2369 1.
789 2343 825 2382 5.
844 2343 881 2382 p.
907 2330 1000 2384 189.

378 2399 394 2416 2
426 2391 519 2429 Nat.
546 2391 596 2430 D.
621 2391 645 2430 l.
676 2406 709 2430 1.
736 2404 771 2442 p.
795 2405 893 2445 207.

377 2456 402 2502 ἓ
426 2452 544 2491 Strab.
568 2452 592 2492 1.
617 2467 682 2507 17.
700 2465 737 2505 p-
763 2466 776 2492 1
794 2466 888 2507 179‘

1600 2513 1846 2587 undum„
