2425 3152
769 212 1477 272 TABULAIu
1783 231 1858 287 w

344 329 376 359 “
422 318 663 378 Gracchi
691 317 874 390 credo,
920 332 1019 375 aut
1043 315 1345 388 Saturnini,
1390 331 1491 374 aut
1512 316 1739 391 alicujus
1761 318 1861 374 ho-

342 412 381 441 “
424 404 583 462 minis
613 402 873 477 ejusmodi
904 401 1277 482 produxeram
1308 399 1500 472 filium,
1542 416 1608 458 ut
1637 400 1861 458 nomine

341 496 380 525 ‘⁶
425 487 539 568 ipso
568 502 623 545 et
644 485 910 544 memoria
940 483 1108 565 patris
1138 484 1350 542 animos
1374 483 1645 564 imperitae
1674 485 1864 542 multi-

340 578 381 608 a
426 571 630 630 tudinis
652 569 1000 628 concitarem.
1092 570 1149 626 P.
1169 568 1325 646 Junii
1352 585 1487 641 erat,
1533 568 1770 626 hominis
1794 570 1866 626 de·

342 663 381 691 ‘⁶
426 656 586 736 plebe
616 657 894 727 Romana,
940 653 1084 711 filius
1104 689 1202 698 ----
1226 652 1336 710 Hic
1367 651 1516 710 istius
1545 651 1754 711 nefario
1783 654 1863 711 la-

342 747 385 777 “
431 739 664 797 trocinio
682 738 840 797 bonis
869 737 1054 819 patriis
1084 736 1426 816 fortunisque
1456 736 1713 795 omnibus
1741 738 1863 818 spo-

342 831 382 861 “
429 823 595 883 liatus
627 823 776 881 venit
814 823 869 880 in
890 821 1164 897 judicium
1190 858 1289 869 ----
1320 824 1517 901 ltaque
1546 821 1665 895 tibi,
1711 825 1864 879 Hor-

344 915 382 944 “
428 908 584 982 tensi,
630 930 745 965 non
767 907 911 965 illius
940 922 1075 964 aetas
1104 906 1192 963 sed
1223 905 1424 978 causa3
1489 927 1604 963 non
1633 906 1864 965 vestitus

345 1000 384 1029 ‘⁶
430 993 518 1050 sed
540 992 767 1050 fortuna
791 990 1068 1071 popularis
1090 989 1381 1047 videbatur
1407 1014 1419 1047 :
1468 1011 1648 1070 neque
1671 1007 1724 1048 te
1748 1007 1864 1049 tam

344 1084 384 1112 “
430 1077 831 1136 commovebat,
887 1075 1039 1154 quod
1090 1073 1181 1131 ille
1220 1095 1350 1131 cum
1396 1089 1530 1154 toga
1569 1090 1864 1153 praetexta,

341 1168 377 1196 ‘⁶
423 1182 592 1241 quam
622 1159 774 1240 quod
806 1159 915 1216 fine
941 1159 1104 1216 Bulla
1128 1172 1367 1215 venerat.
1442 1157 1693 1216 Vestitus
1715 1158 1864 1217 enim

343 1253 384 1281 “
428 1244 706 1303 neminem
735 1243 1124 1302 commovebat
1145 1241 1203 1304 is,
1249 1263 1416 1322 quern
1439 1241 1518 1301 illi
1547 1265 1667 1301 mos
1696 1259 1752 1302 et
1769 1244 1864 1319 jus

343 1337 383 1365 ‘⁶
428 1328 786 1410 ingenuitatis
812 1328 994 1385 dabat.
1085 1326 1261 1408 Qod
1284 1343 1673 1387 ornamentum
1708 1345 1864 1410 pater

342 1421 382 1450 “
426 1414 666 1487 dederat,
709 1411 972 1471 indicium
994 1426 1162 1492 atque
1189 1411 1396 1492 insigne
1424 1409 1706 1486 fortunae3
1754 1415 1864 1473 hoc

343 1506 379 1538 ‘⁶
421 1521 455 1557 a
486 1498 747 1579 praedone
769 1496 869 1554 isto
894 1512 1145 1576 ereptum
1171 1494 1291 1557 effe,
1337 1495 1574 1577 graviter
1596 1513 1651 1555 et
1668 1501 1862 1558 acerbe

343 1589 383 1618 “
426 1582 675 1640 homines
704 1580 1037 1639 ferebant¹.”
1107 1582 1196 1637 Ex
1226 1603 1338 1661 quo
1366 1581 1491 1638 loco
1508 1597 1681 1661 patet,
1728 1584 1863 1642 Bul-

343 1671 455 1727 lam
484 1688 598 1725 non
627 1665 940 1727 nobilitatis,
987 1665 1075 1722 sed
1106 1664 1462 1745 ingenuitatis
1492 1680 1736 1740 tantum,
1781 1670 1864 1727 di-

340 1751 672 1811 vitiarumve
710 1750 894 1830 potius
933 1749 1139 1830 infigne
1177 1748 1370 1806 fuiffe:
1434 1771 1602 1829 quam
1635 1751 1866 1831 quidemv

343 1837 559 1908 Cicer0‚
598 1857 631 1893 a
661 1834 772 1893 filio
802 1834 1038 1892 hominis
1061 1834 1130 1890 de
1154 1834 1313 1914 plebe
1340 1833 1624 1913 gestatam,
1670 1852 1725 1893 et
1748 1837 1861 1895 for-

342 1920 491 1980 tunis
512 1919 709 1977 deinde
730 1918 1050 1991 imminutiS,
1096 1920 1167 1975 ab
1190 1918 1386 1975 eodem
1412 1918 1713 1998 depositam
1737 1922 1861 1995 effe,

343 2006 599 2063 declarat.
689 2006 884 2083 Atque
924 2004 1032 2060 hoc
1071 2002 1217 2059 idem
1256 2023 1329 2059 ex
1368 2002 1725 2083 Inscriptione
1763 2006 1859 2065 ista

341 2086 667 2170 sepulchrali
710 2087 871 2167 supra
904 2088 1100 2159 allata,
1169 2087 1238 2143 de
1290 2088 1527 2166 puerulo
1572 2090 1862 2167 quadrimo

344 2174 508 2230 Bulla
529 2186 746 2243 ornam,
784 2170 1094 2228 confirmari
1117 2170 1359 2227 videtur:
1405 2192 1641 2249 puerum
1664 2195 1863 2255 nempe

342 2279 474 2315 eum
493 2278 604 2313 non
624 2254 718 2312 nili
739 2254 993 2314 libertino
1015 2275 1214 2336 genere
1242 2268 1436 2313 natum
1459 2255 1579 2329 effe,
1608 2278 1680 2314 ex
1701 2259 1862 2317 Grae‘,

404 2411 419 2456 >¹
452 2404 510 2444 In.
532 2403 639 2443 Verr.
661 2402 686 2442 l.
718 2417 752 2444 1.
775 2402 848 2457 580,

1797 2501 1871 2538 CO*
