2425 3152
495 266 614 325 252
916 244 1378 308 TABULA
1424 249 1629 309 XXH.

489 348 621 406 nino
643 345 990 406 referendum
1012 347 1249 406 censeo¹.
1343 351 1727 432 Qamobrem
1755 348 1890 408 nihil
1911 352 2010 410 mi-

488 433 545 490 hi
576 432 725 490 aliud
742 432 862 507 jam
891 431 1149 491 relietum
1169 432 1408 506 videtur,
1453 455 1623 514 quam
1649 434 1890 493 Mumiae
1909 458 2011 495 no-

491 517 611 574 strae
642 516 902 598 effigiem,
946 533 1113 598 atque
1142 533 1403 576 ornatum
1432 518 1746 577 hominibus
1784 520 2006 579 curiofis

489 600 545 658 in
576 600 931 682 conspeetum
964 602 1105 664 dare,
1151 617 1207 660 et
1244 601 1504 683 quicquid
1534 602 1589 660 in
1627 625 1691 660 ea
1715 603 2007 685 fingulare,

487 685 941 766 praecipuumque
970 685 1156 761 fuerit,
1202 686 1341 745 illud
1371 709 1539 767 quam
1572 687 1807 746 breviter
1835 710 2008 770 expo-

485 792 615 827 nere
653 785 819 850 atque
860 770 1144 829 illustrare.
1990 847 1995 851 q

572 857 713 912 Haec
737 854 903 935 igitur
937 855 1182 929 Tabula,
1229 854 1468 913 Mumiae
1498 856 1714 914 thecam
1743 857 1836 915 seu
1855 858 2008 916 locu-

487 940 623 1011 lum,
670 938 859 1018 figuris
890 938 1214 1019 quibusdam
1237 939 1546 1019 symbolicis
1597 956 1765 1021 atque
1804 941 2007 1000 Hiero·

483 1023 756 1104 glyphicis
794 1022 1012 1103 pi&um
1050 1024 1307 1082 exhibet:
1364 1024 1418 1081 in
1450 1047 1562 1104 quo
1609 1026 1839 1083 cadaver
1873 1025 2008 1084 scili-

483 1123 587 1181 cet,
634 1109 1040 1188 AEgyptiorum
1069 1130 1241 1182 more,
1303 1108 1594 1183 bitumine,
1633 1109 1901 1184 balsamiS‚
1925 1125 2008 1169 at-

485 1214 591 1272 que
621 1193 958 1251 aromatibus
988 1192 1291 1255 conditum,
1337 1193 1634 1274 repofitum
1668 1210 1799 1254 erat.
1897 1197 2008 1253 Lo-

484 1279 646 1335 culus
686 1299 817 1335 vero
842 1278 948 1358 ipse
978 1277 1116 1335 nihil
1140 1276 1272 1350 fere,
1318 1300 1351 1336 a
1392 1278 1582 1336 ceteris
1629 1279 1866 1354 ejusdem
1909 1301 2005 1361 ge·-

483 1361 626 1419 neris
656 1361 948 1436 diversum,
992 1362 1148 1420 nobis
1195 1361 1374 1421 offert.
1464 1365 1555 1420 Ex
1606 1364 1820 1422 duabus
1869 1363 2003 1446 ligni

484 1446 796 1525 Sycaminei
831 1447 1076 1528 partibus
1105 1448 1346 1521 constat3
1393 1447 1636 1527 utrisque
1660 1448 1714 1505 in
1734 1470 1863 1506 eum
1888 1471 2006 1506 mo-

484 1531 618 1589 dum
640 1530 922 1589 artificiose
947 1532 1245 1605 excavatiS‚
1276 1548 1341 1590 ut
1363 1532 1503 1590 inter
1524 1532 1628 1590 sese
1651 1532 1849 1590 deinde
1873 1555 2005 1591 con-

477 1614 710 1691 julffihe,
779 1617 1056 1674 cadaveris
1091 1616 1254 1697 ipslus
1285 1618 1520 1676 formam
1572 1640 1636 1675 ac
1665 1617 2005 1697 magnitudi-

485 1722 611 1757 nem
645 1701 849 1775 justam
884 1723 1095 1781 capere,
1143 1717 1197 1759 et
1227 1703 1297 1760 ab
1327 1702 1478 1760 omni
1524 1701 1661 1760 aeris
1686 1701 1896 1760 acceffu
1942 1725 2006 1761 ac

485 1784 690 1841 damno
722 1785 1035 1843 conservare
1060 1785 1285 1866 pofl'ent.
1396 1789 1593 1868 Atque
1643 1787 1750 1845 hoc
1796 1788 2006 1846 loculo-

487 1890 611 1926 rum
642 1891 836 1949 genus‚
882 1873 954 1926 ob
998 1870 1320 1928 conficiendi
1365 1870 1737 1952 pingendique
1787 1871 2004 1929 artifici-

485 1976 601 2025 um,
647 1953 898 2011 omnium
929 1955 1051 2012 sane
1082 1955 1536 2036 pretiofiffimurm
1583 1977 1684 2012 nec
1723 1953 1817 2012 nifi
1849 1955 2005 2013 nobi-

485 2037 707 2095 lioribus
737 2037 1085 2096 ditioribusve
1119 2038 1364 2097 dicatum
1396 2038 1648 2097 traditur.

572 2123 905 2196 Hujusmodi
939 2145 1071 2180 vero
1095 2124 1282 2196 loculi,
1329 2146 1439 2180 non
1476 2124 1546 2180 ad
1572 2124 1812 2204 corporis
1835 2125 2004 2183 modo

483 2204 718 2285 figuram
749 2206 1132 2288 excipiendam
1157 2207 1306 2265 intus
1329 2209 1749 2282 accommodati,
1796 2209 1885 2267 sed
1907 2232 2004 2268 ex-

547 2370 556 2384 ¹
590 2360 675 2398 vid.
699 2360 869 2402 Kircher.
902 2361 1035 2414 Oede.
1060 2363 1215 2415 AEgypt.
1240 2362 1328 2402 Vol.
1371 2343 1409 2417 3.
1433 2377 1468 2416 p.
1492 2364 1591 2419 387.
1615 2366 1807 2418 Syntagm.
1828 2364 1925 2405 XIII
1942 2364 2010 2403 De*

478 2421 944 2535 {xgtigxigerr—y—{Llaetzinera
965 2424 1064 2464 Petri
1086 2424 1130 2463 de
1148 2425 1270 2473 Valle,
1296 2423 1511 2474 Thevenot,
1545 2427 1600 2466 Le
1618 2426 1733 2477 Brun,
1759 2425 1886 2475 Shaw,
1925 2426 2001 2464 Po-

1919 2560 2003 2625 tra
