2425 3152
941 242 1195 319 (149)

478 457 1319 548 TABULA
1423 475 1622 550 ΧΙΠ.

455 675 633 735 Acchi
663 677 1093 757 Imagunculam
1115 699 1329 736 aeneam
1354 678 1442 736 hic
1480 680 1812 743 delineatam

466 762 770 834 habemu33
819 761 887 817 de
927 761 1084 836 cujus
1128 762 1406 841 symboli8‚
1473 767 1821 825 muneribus--

294 868 425 926 que,
469 868 598 904 cum
628 867 660 902 a
704 844 1051 925 scriptoribus
1095 845 1334 925 antiquis
1389 864 1674 930 tantopere
1719 854 1813 910 de-

295 945 536 1001 cantata,
583 945 750 1008 atque
798 929 1053 987 omnibus
1084 931 1302 1010 cognita
1345 930 1465 1005 fint,
1511 936 1672 1012 plura
1706 938 1812 994 hoe

293 1015 418 1071 loco
448 1012 713 1084 disserere,
758 1011 951 1070 melori
982 1029 1126 1070 certe
1152 1013 1487 1072 fastidiosum
1517 1017 1659 1076 effet.

381 1098 577 1158 Altera
607 1118 740 1153 vero
773 1096 870 1153 ista
894 1098 1181 1170 Icuncula,
1230 1101 1569 1158 Hermarum
1610 1103 1809 1178 forma,

292 1203 364 1238 ex
385 1202 500 1238 aere
531 1178 681 1252 fieta,
736 1179 1130 1260 explanatione
1175 1180 1397 1240 forsitan
1430 1184 1613 1264 aliqua
1652 1209 1812 1268 egere

289 1265 570 1337 videatur3
621 1263 825 1344 quippe
848 1262 938 1320 cui
970 1266 1182 1322 nullam
1205 1266 1432 1324 omnino
1458 1267 1701 1343 similem,
1723 1274 1810 1330 vel

288 1349 347 1407 in·
375 1348 523 1406 libris
553 1347 890 1428 descriptam,
937 1350 1025 1406 vel
1057 1348 1111 1405 in
1137 1349 1346 1407 Museis
1385 1350 1706 1412 affervatam
1730 1356 1810 1413 vi-

289 1434 360 1491 di.
451 1433 720 1490 Calathus
748 1432 843 1488 iste
865 1432 957 1489 seu
978 1433 1211 1506 modius,
1257 1456 1423 1513 quem
1445 1437 1608 1516 capiti
1633 1439 1819 1520 impo-

288 1517 452 1576 situm
481 1516 639 1596 gerit,
687 1516 959 1596 Serapidis
990 1516 1102 1574 fere
1126 1518 1379 1598 proprius
1403 1521 1669 1593 habetur3
1714 1546 1818 1582 ne—

287 1624 395 1682 que
417 1600 508 1658 alii
537 1600 709 1658 cuivis
737 1602 876 1673 De0‚
922 1600 1013 1657 nifi
1045 1601 1302 1660 rariffime
1336 1603 1666 1664 attributus:
1729 1607 1822 1665 fa·-

287 1687 391 1744 cies
420 1701 607 1742 autem
639 1684 891 1744 imberbis
916 1706 978 1741 ac
998 1685 1278 1760 juvenili&
1308 1688 1589 1746 Phoebum
1600 1691 1785 1770 potius
1790 1740 1808 1766 ,-

286 1771 659 1842 Bacchumve‚
705 1791 871 1849 quam
896 1768 1140 1849 Serapim
1179 1792 1292 1849 prae
1315 1771 1364 1828 se
1402 1770 1542 1829 ferre
1570 1775 1805 1849 videtur,

283 1854 378 1935 qui
408 1855 669 1911 barbatus
694 1855 1034 1934 plerumque,
1082 1854 1323 1934 Jovique
1357 1872 1455 1913 aut
1479 1858 1805 1939 AEsculapio

284 1937 583 1996 simillimus
613 1937 747 2018 fingi
774 1937 909 1995 solet
930 1946 958 1993 ¹.
1057 1941 1204 1996 Cum
1234 1961 1366 1997 vero
1408 1941 1653 2021 Serapim
1686 1946 1803 2001 De-

282 2044 443 2080 orum
468 2021 579 2078 fere
619 2022 868 2079 omnium
901 2021 1075 2079 vicem
1106 2023 1391 2102 AEgyptiis
1442 2024 1546 2081 suis
1585 2026 1810 2106 supple--

280 2106 427 2179 vilse,
473 2121 636 2185 atque
666 2105 946 2185 Apollinis
976 2107 1328 2186 potissimum,
1375 2107 1578 2165 Solisve
1603 2132 1797 2168 mune-

343 2280 355 2297 ³
388 2275 475 2315 Vid.
500 2274 574 2313 Dei
590 2273 700 2326 hujus
717 2274 894 2327 imagines
917 2289 937 2313 a
972 2275 1263 2314 Montfauconio
1296 2276 1477 2315 collec'tas.
1524 2279 1680 2331 Antiqu.
1705 2282 1791 2322 Volz

279 2354 317 2379 2.
342 2338 422 2376 Par.
446 2351 482 2375 2.
507 2335 531 2374 l.
564 2351 598 2375 1.
621 2349 653 2373 c.
672 2350 708 2374 x.
728 2336 825 2375 Tab.
850 2350 904 2385 40
1032 2337 1131 2374 NB.
1165 2338 1264 2374 Inter
1288 2337 1386 2375 Deos
1405 2338 1501 2384 istos,
1537 2340 1601 2390 qui
1623 2341 1803 2380 Herma--

275 2414 360 2439 rum
378 2398 565 2436 interdum
598 2396 719 2435 forma
742 2396 830 2448 fingi
862 2397 1037 2445 solebant,
1072 2398 1239 2449 Sponius,
1275 2399 1570 2448 Hmmanubim,
1604 2401 1799 2443 exhibuin.

275 2462 394 2501 Hunc
414 2459 526 2513 igitur
547 2458 716 2497 nostrum
738 2458 867 2509 quidni
889 2458 1193 2511 Hermeserapim
1210 2459 1459 2512 appellemus?

1658 2542 1798 2579 nera.
