2425 3152
788 210 1319 269 TABULA
1407 212 1482 269 11.
1792 236 1864 291 19

357 317 841 395 obla-vusfhminis'.
931 318 1123 396 Atque
1153 314 1281 373 hinc
1319 314 1597 395 Caligula,
1644 330 1707 373 ut
1731 318 1867 375 Sue-

354 404 538 463 tonius
559 402 656 474 ait,
688 400 910 459 Neroni
931 399 1227 472 infantu10,
1277 420 1482 457 nomen
1526 399 1744 457 Claudii
1774 424 1868 480 pa-

351 487 462 545 trui
491 485 587 558 sui,
633 485 720 542 die
751 485 972 542 lustrico
1001 505 1096 564 per
1124 484 1316 558 jocum
1363 481 1653 562 imposuit².
1740 486 1869 542 Hoc

353 569 617 630 lustrandi
648 569 756 626 ritu
779 570 847 626 ad
874 570 1128 626 Deorum
1150 567 1343 625 altaria
1379 563 1625 645 peraE‘m,
1664 568 1868 625 amicis-

350 677 459 734 que
488 671 543 712 et
573 652 822 734 cognatis
852 653 923 711 ad
968 651 1287 709 convivium
1325 649 1598 722 adhibitis,
1644 652 1870 710 nomina

351 739 547 796 deinde
590 735 739 794 domi
793 736 1040 817 impofita
1088 735 1191 793 effe
1231 734 1527 808 videntur3
1574 733 1632 791 in
1671 736 1869 814 quibus

351 843 614 880 numerus
652 821 951 893 vocalium,
1004 841 1105 900 par
1151 835 1250 877 aut
1295 818 1486 899 impar,
1540 819 1611 876 ad
1649 822 1871 878 morbos

350 907 613 987 quosdam
644 905 927 984 pellendos
957 903 1183 961 valuiffe
1204 904 1569 961 credebatur3.

435 993 525 1047 Ex
550 991 655 1047 hac
684 1011 817 1046 vero
861 987 1245 1060 nominalium,
1289 987 1370 1045 uti
1400 988 1725 1061 vocabatur,
1787 988 1870 1046 so-

350 1074 654 1146 lennitate4,
698 1070 940 1130 Sanetus
967 1071 1395 1150 Chrysostomus
1427 1069 1682 1128 ridiculas
1711 1073 1871 1151 quas-

350 1158 478 1215 dam
488 1156 843 1215 caeremonias
861 1155 918 1213 in
935 1153 1229 1213 Ecclesiam
1251 1153 1452 1212 Christi
1471 1153 1755 1213 tradu&as
1766 1156 1870 1213 effe

349 1241 614 1322 queritur.
704 1246 743 1273 ‘⁶
791 1242 939 1298 Cum
997 1260 1252 1320 puerum,
1298 1238 1497 1319 inquit,
1549 1239 1868 1297 nominandi

348 1333 383 1361 “
428 1325 541 1383 dies
570 1324 874 1398 advenerit,
904 1346 937 1382 a
972 1322 1288 1381 sanctorum
1310 1323 1499 1403 aliquo
1519 1346 1722 1381 nomen
1746 1346 1870 1383 mu-

350 1417 390 1445 “
433 1409 594 1483 tuari,
623 1409 774 1490 quod
796 1431 829 1466 a
857 1407 1136 1466 veteribus
1161 1407 1274 1465 fieri
1306 1407 1530 1481 solebat,
1576 1408 1725 1465 haud
1746 1408 1868 1489 dig-

350 1501 388 1529 “
432 1510 640 1555 nantes,
688 1493 896 1552 lumina
919 1493 1244 1553 accendunt,
1293 1491 1618 1573 singulisque
1642 1493 1868 1550 nomina

351 1586 383 1613 “
429 1579 741 1659 imponunt,
750 1577 985 1657 ejusque,
997 1577 1146 1657 quod
1158 1575 1367 1634 caeteris
1384 1576 1589 1634 diutius
1606 1576 1868 1656 perdura-

349 1669 392 1700 “
437 1662 596 1736 verit,
658 1682 862 1719 nomen
913 1683 1087 1741 puero
1133 1660 1534 1741 imponendum
1579 1660 1867 1741 arripiunt,

351 1754 388 1781 “
432 1764 696 1828 tanquam
725 1746 852 1803 vitae
878 1746 1148 1827 longaevae
1178 1743 1517 1826 augurium⁵.

1112 1831 1162 1887 C
1209 1851 1244 1887 2
1622 1830 1863 1888 Romani

413 1984 423 1999 ¹
458 1984 602 2022 Sarum.
626 1995 660 2020 1.
690 1982 753 2020 16.
778 1979 817 2019 it.
837 1979 969 2032 Pomp.
988 1979 1086 2019 Fest.
1112 1979 1149 2017 in
1170 1977 1371 2020 Lustricus.

411 2048 424 2063 2
457 2044 501 2081 In
523 2043 666 2082 Neron.
689 2054 721 2081 e.
742 2055 779 2094 5.
812 2042 873 2079 De
895 2040 967 2079 hac
988 2041 1059 2079 diei
1080 2040 1218 2078 lustrici
1238 2040 1357 2092 pueris
1383 2039 1587 2092 puellisque
1604 2040 1770 2093 affignati
1788 2039 1865 2078 difae

348 2103 512 2152 ferentia,
547 2103 786 2155 quaeffionem
801 2102 956 2141 instituit
974 2100 1207 2152 Plutarchus,
1250 2101 1474 2154 causamque
1511 2101 1661 2140 reddere
1696 2111 1862 2142 conatur.

350 2164 486 2215 Qiaest.
511 2165 625 2203 Rom.
647 2178 716 2216 99.

409 2228 422 2252 ³
457 2223 551 2264 Plin.
587 2223 684 2263 Hist.
709 2222 763 2262 N.
784 2222 810 2263 l.
834 2223 902 2262 28.
927 2236 959 2261 c.
978 2237 1017 2274 4.

406 2291 423 2313 4
457 2284 618 2324 Tertull.
641 2282 687 2322 de
704 2282 797 2322 Idol.
821 2296 856 2323 c.
882 2285 947 2323 16.

409 2354 422 2377 ⁵
457 2347 577 2386 Hom.
616 2357 681 2385 12.
706 2344 743 2382 in
762 2344 879 2397 Epist.
909 2358 944 2384 1.
967 2344 1014 2383 ad
1035 2344 1123 2384 Cor.
1158 2346 1273 2397 Oper.
1292 2345 1342 2384 T.
1365 2358 1404 2385 x.
1429 2359 1465 2398 p.
1497 2360 1591 2400 107.
1616 2346 1718 2386 Edit.
1746 2346 1864 2384 Bene-

345 2408 494 2448 dich—
513 2407 600 2445 alios
620 2407 713 2444 item
733 2405 823 2444 ritus
839 2405 1035 2457 quosdam,
1068 2406 1114 2444 ad
1127 2406 1330 2445 infantium
1346 2420 1476 2445 curam
1499 2407 1714 2459 spectantes,
1753 2417 1862 2458 atque

344 2468 580 2522 agentilibus
602 2466 792 2517 deduetos‚
826 2466 1112 2519 Chrysostomus
1141 2476 1414 2507 commemorat
1424 2487 1434 2515 3
1469 2467 1515 2506 de
1553 2468 1688 2521 quibus
1725 2468 1775 2506 ita
1798 2467 1863 2505 de-

1753 2541 1863 2567 mum
