2425 3152
793 260 1265 324 TABULA
1340 266 1485 324 XX,
1760 289 1876 344 223

361 377 398 405 ‘⁶
444 367 711 441 soluturi3
783 366 964 449 ibique
995 369 1053 427 in
1082 370 1330 428 Tabellis
1360 370 1602 452 pericula
1639 374 1881 452 expreffa

359 461 397 488 ‘⁶
442 455 765 534 relinquunt
778 452 852 510 ‘3'

855 633 1198 693 SECT.
1275 636 1382 693 VI.

506 790 553 845 E
582 787 868 870 Tigridis
855 788 1092 870 imagine
1122 811 1294 862 aenea,
1341 811 1509 870 quam
1531 790 1731 850 ultimo
1761 793 1884 849 Ioco

547 872 636 930 hic
683 873 930 954 exposui,
1001 873 1135 932 nihil
1175 874 1454 954 equidem,
1511 877 1660 955 quod
1691 876 1883 956 liquet,

360 957 540 1016 dicere
570 959 763 1015 habeo.
854 961 1128 1016 Attamen
1147 981 1287 1065 quia
1317 980 1482 1039 opere
1522 960 1753 1040 antiquo
1784 982 1884 1018 nec

361 1041 657 1100 invenusto
691 1040 937 1122 perfec&
972 1042 1075 1100 effe
1104 1042 1341 1114 videtur,
1400 1043 1468 1100 ad
1503 1043 1738 1124 reliquas
1767 1044 1886 1102 Ta-

362 1128 512 1184 bulae
542 1126 705 1201 hujus
736 1126 942 1207 figuras
971 1148 1094 1184 eam
1124 1090 1422 1207 adjungbre
1468 1127 1648 1201 libuit,
1692 1144 1757 1187 ut
1807 1130 1889 1186 lo-

362 1233 491 1268 cum
520 1211 710 1269 saltem
734 1233 975 1268 vacuum
1025 1211 1251 1291 implere
1296 1210 1486 1292 poffet.
1577 1215 1742 1270 Hanc
1793 1214 1889 1270 be-

363 1295 477 1353 stiae
521 1294 722 1352 rabidae
769 1294 1028 1376 figuram,
1095 1317 1190 1352 ore
1241 1295 1443 1357 hiante,
1520 1296 1889 1377 uberibusque

361 1378 748 1460 pendentibUS‚
795 1402 923 1460 quae
975 1381 1235 1459 clypeum
1286 1378 1418 1438 item
1461 1380 1744 1462 Gorgonis
1794 1404 1888 1439 ore

364 1464 708 1546 insignitum,
771 1463 1091 1544 conspechii
1149 1463 1295 1545 quasi
1347 1465 1641 1524 hominum
1684 1466 1890 1541 objicit,

362 1571 537 1630 quum
566 1547 904 1607 ferocitatem
952 1563 1327 1629 terroremque
1374 1572 1486 1630 prae
1526 1549 1576 1607 se
1621 1549 1775 1626 ferat,
1820 1552 1888 1609 ad

365 1634 525 1691 usum
556 1632 799 1713 aliquem
824 1632 1117 1690 militarem
1139 1632 1393 1713 specstaffe
1415 1634 1761 1710 conjicerem,
1807 1636 1890 1693 ni-

364 1718 399 1777 fi
432 1718 586 1799 quod
635 1716 692 1775 in
738 1716 936 1775 bellico
975 1719 1363 1776 Romanorum
1402 1736 1688 1800 apparatu,
1734 1721 1890 1778 nulla

364 1803 661 1861 istiusmodi
711 1801 907 1883 figura,
971 1801 1276 1884 signumve,
1321 1805 1408 1861 vel
1460 1826 1492 1862 a
1543 1803 1891 1885 scriptoribus

363 1903 750 1960 memoratum,
797 1888 886 1944 vel
917 1886 973 1944 in
1011 1886 1386 1945 monumentis
1432 1887 1761 1970 descriptum
1807 1912 1890 1948 re-

363 1973 586 2054 peritur.
677 1974 762 2030 At
790 1993 921 2029 vero
951 1972 1103 2030 haud
1132 1972 1260 2045 scio,
1306 1994 1377 2030 an
1408 1977 1478 2031 ad
1503 1973 1706 2030 Bacchi
1737 1973 1889 2032 forfi-

363 2074 460 2117 tan
490 2057 638 2115 sacra
675 2055 1093 2137 imagunculam
1143 2057 1384 2115 nostram
1435 2056 1745 2137 respectum
1792 2060 1887 2117 ali-

363 2164 531 2223 quem
582 2141 785 2198 habere
835 2142 1160 2214 credamus3
1209 2163 1373 2220 quem
1423 2141 1645 2221 quidem
1694 2144 1887 2202 Deum

362 2226 629 2307 Tigribus
659 2224 935 2306 praecipue
986 2225 1274 2283 domandis
1325 2226 1613 2299 celebrem,
1660 2248 1761 2284 nec
1791 2228 1884 2286 nisi

360 2310 632 2392 Tigribus
676 2308 916 2385 jun&i8‚
990 2332 1158 2367 curru
1216 2310 1343 2367 vehi
1402 2310 1618 2369 soiitum
1677 2333 1887 2393 cogno—

360 2396 559 2456 vimus,

1046 2512 1060 2559 }
1094 2504 1190 2547 Ibid.

1734 2567 1887 2645 Jana
