2425 3152
538 248 612 304 88
956 241 1459 302 TABULA
1522 247 1593 302 V.

535 349 608 404 do
631 345 850 404 transire
879 347 1375 406 animadvertissent
1396 356 1428 405 ¹.
1517 349 1751 427 Psyches
1780 348 1945 429 igitur
1991 348 2055 406 fi-

532 452 750 512 guram,
769 429 825 486 in
856 431 987 488 Olla
1011 431 1194 488 nostra
1215 430 1532 512 expressam,
1556 454 1670 490 non
1700 432 1793 490 nifi
1826 431 2055 490 defunc-

533 515 573 571 ti
597 513 841 572 animam
859 535 888 569 e
905 535 1131 593 corpore
1154 516 1487 587 evolantem,
1532 537 1594 573 ac
1623 538 1747 574 cum
1776 516 2054 596 Cupidine

533 597 639 655 five
668 618 871 668 amore,
916 597 1063 677 quafi
1095 598 1309 656 summo
1331 598 1428 656 suo
1456 600 1629 672 bon0,
1675 602 1781 657 lese
1820 600 2055 675 conjun-

533 702 660 762 gere
690 680 975 754 nitentem,
1021 682 1283 739 denotare
1322 690 1507 762 put02.
1721 702 1725 704 ’

622 763 845 843 Cupido
876 786 1007 821 vero
1038 766 1107 821 ad
1130 787 1281 822 aram
1305 767 1583 845 quandam
1607 767 1800 838 astare,
1845 784 1899 824 et
1922 768 2055 823 thu-

534 869 590 904 re
609 847 974 926 odoribusque
996 849 1147 905 Deos
1170 850 1369 905 Manes
1380 851 1597 928 placare
1616 849 1845 907 videtur.
1872 850 2056 928 Quip-

531 952 603 1010 pe
632 951 754 987 aras
785 930 856 985 ad
884 945 1236 987 mortuorum
1286 933 1572 1010 sepulchra
1617 932 1823 989 exstrui
1871 932 2057 990 solitas

504 1028 507 1029 ’
533 1013 656 1085 effe,
690 1034 761 1069 ex
790 1012 1090 1070 innumeris
1120 1013 1233 1070 fere
1258 1013 1583 1071 Au&orum
1607 1014 2054 1095 Inscriptionum-

533 1117 643 1176 que
673 1111 924 1154 veterum
947 1096 1265 1154 testimoniis
1294 1097 1551 1178 colligere
1574 1096 1700 1155 licet
1719 1106 1753 1155 3.

600 1273 614 1290 ²
647 1268 735 1306 Vox
757 1280 871 1319 graeca
902 1264 1015 1316 ψυχὴ,
1079 1266 1234 1319 Psyche,
1267 1278 1304 1308 et
1335 1270 1499 1309 animam
1536 1268 1742 1310 humanam
1775 1279 1811 1309 et
1828 1270 2053 1322 papilionem

536 1328 647 1367 fimul
669 1328 907 1380 significabat.
975 1329 1080 1381 [Vid.
1105 1329 1255 1368 Aristot.
1279 1330 1377 1369 Hist.
1403 1331 1533 1370 Anim.
1556 1331 1581 1369 l.
1609 1345 1646 1384 5.
1668 1345 1701 1370 c.
1728 1346 1793 1384 ¹9·
1826 1341 1863 1369 et
1883 1330 2050 1383 Hesych.

538 1390 575 1426 in
599 1388 708 1441 voce]
727 1403 807 1440 quae
827 1389 982 1440 quidem
998 1389 1173 1442 ambigua
1191 1390 1290 1428 vocis
1303 1389 1413 1442 hujus
1429 1391 1657 1444 fignificatiO,
1686 1393 1793 1430 causa
1807 1390 1948 1430 fortasse
1965 1392 2054 1440 fuit,

533 1450 783 1501 quamobrem
792 1449 1165 1488 animalculumistud
1175 1463 1241 1502 pro
1250 1451 1382 1489 animae
1390 1452 1560 1504 deinceps
1572 1452 1742 1503 symbolo
1754 1451 1944 1504 sumptum
1954 1451 2051 1492 effet.

597 1520 612 1536 ²
647 1511 740 1548 Haec
762 1510 813 1548 rei
835 1510 1087 1563 interpretatio
1108 1525 1129 1550 a
1143 1510 1297 1549 Platone
1312 1512 1523 1551 confirmari
1544 1512 1714 1559 videtur;
1748 1513 1813 1564 qui
1834 1512 1964 1550 animis
1982 1526 2053 1564 pu-

533 1571 578 1609 ris
599 1580 635 1609 et
656 1570 825 1623 perfectis
846 1570 918 1609 alas
940 1571 1081 1620 tribuit,
1114 1570 1249 1624 quibus
1270 1573 1315 1610 ad
1337 1573 1494 1612 coelestia
1517 1573 1660 1625 semper
1680 1571 1889 1619 vehuntur;
1932 1586 2055 1624 quum

533 1633 597 1669 21ae
618 1645 704 1670 vero
726 1632 790 1669 iste
812 1631 1044 1681 defluxerint,
1077 1641 1161 1671 tum
1191 1633 1237 1670 ad
1259 1642 1401 1672 terrena
1430 1634 1629 1686 praecipites
1668 1633 1754 1672 ferri
1788 1634 1850 1673 ait.
1917 1633 2051 1685 [Oper.

535 1693 585 1730 T.
613 1707 650 1744 3.
669 1706 703 1744 p.
732 1695 815 1741 246
842 1693 877 1730 in
897 1692 1083 1744 Phaedro.]
1119 1693 1217 1731 Dein
1240 1694 1313 1732 alio
1335 1694 1417 1732 loco
1447 1695 1584 1742 scribit,
1633 1695 1804 1733 animum
1826 1707 1948 1745 quum
1969 1708 2055 1732 cor·

535 1753 629 1803 poris
653 1763 689 1791 et
708 1753 878 1791 sensuum
903 1753 1103 1792 ministerio
1120 1754 1165 1792 ad
1186 1754 1325 1807 aliquid
1346 1755 1677 1808 contemplandum
1707 1755 1836 1801 utitur,
1870 1764 1955 1793 tum
1977 1764 2055 1792 tra-

534 1813 610 1850 hia
635 1826 785 1864 corpore
808 1814 854 1851 ad
875 1827 931 1862 ea,
965 1828 1047 1866 quae
1075 1828 1270 1867 nunquam
1305 1815 1342 1852 in
1364 1816 1497 1854 eodem
1533 1816 1628 1854 statu
1664 1824 1879 1867 permanent
1895 1834 1907 1861 3
1941 1824 2055 1866 atque

532 1874 656 1925 ipsum
679 1887 796 1912 errare
826 1884 863 1912 et
881 1875 1102 1913 tumultuari
1125 1885 1162 1913 et
1179 1885 1358 1927 tanquam
1381 1877 1528 1915 ebrium
1544 1876 1723 1928 vertigine
1745 1875 1896 1927 corripi:
1931 1889 2055 1927 quum

533 1947 621 1972 vero
644 1948 664 1972 a
681 1948 832 1986 corpore
850 1935 1045 1986 sejunctus,
1079 1949 1142 1988 per
1161 1936 1317 1988 seipsum
1339 1937 1627 1989 contemplatur,
1662 1946 1747 1975 tum
1776 1936 1823 1974 ad
1844 1949 1981 1987 purum
2006 1937 2053 1974 is-

534 1995 603 2032 tud
622 1995 849 2042 immortale,
882 1996 982 2047 quod
1000 1997 1143 2048 semper
1164 1996 1289 2034 existit
1310 2006 1346 2035 et
1376 1997 1413 2035 in
1436 1998 1571 2036 eodem
1593 1998 1689 2036 statu
1720 2006 1925 2049 permanet,
1960 2010 2054 2034 con-

532 2055 665 2104 tendit,
700 2066 736 2094 et
754 2065 932 2109 tanquam
949 2058 982 2094 ei
1005 2066 1181 2110 cognatus
1199 2070 1288 2095 cum
1319 2057 1382 2096 illo
1412 2058 1554 2110 semper
1570 2058 1741 2097 versatur.
1779 2058 1834 2110 [in
1874 2057 2054 2096 Phaedon„

534 2117 583 2154 T.
616 2131 647 2156 1.
667 2129 703 2168 p.
728 2131 797 2170 79.
863 2119 991 2169 Atque
1014 2117 1093 2156 haec
1115 2118 1231 2156 animi
1247 2118 1507 2157 tumultuantis
1527 2129 1637 2172 atque
1654 2119 1745 2156 ebrii
1761 2118 1898 2170 imagO,
1934 2118 1970 2155 in
1989 2118 2057 2156 In-

533 2177 733 2228 scriptione
756 2176 917 2228 quadarn
938 2177 1158 2231 sepulchrali
1174 2178 1336 2230 expreffa
1358 2179 1427 2217 effe
1447 2180 1606 2226 videtur,
1640 2179 1677 2217 in
1701 2193 1775 2231 qua
1798 2180 1858 2218 M.
1901 2179 2053 2217 Porcius

532 2238 753 2275 Haeredibus
785 2238 937 2277 mandat
1061 2248 1103 2277 ut
1132 2253 1223 2277 meus
1245 2238 1384 2278 Ebrius
1406 2240 1553 2293 Papilio
1570 2239 1706 2280 Vot'itet
1727 2241 1800 2279 &c.
1867 2239 1953 2278 Vid.
1980 2240 2051 2277 Os-

533 2297 668 2334 servaz.
693 2300 795 2349 Sopr.
811 2297 947 2337 Alcun.
968 2300 1200 2338 Framment.
1225 2299 1262 2338 di
1282 2301 1408 2340 Vetr0.
1437 2316 1456 2339 a
1480 2301 1575 2341 Phil.
1600 2302 1818 2340 Buonarott.
1837 2313 1874 2351 p.
1905 2314 1999 2352 197.

596 2370 607 2390 ³
644 2357 731 2395 Vid.
756 2359 866 2397 Card.
888 2360 1001 2398 Norr.
1022 2359 1232 2412 Cenotaph.
1255 2361 1372 2399 Pisan.
1397 2361 1545 2402 Differt.
1573 2377 1610 2417 3.
1633 2375 1670 2414 p.
1691 2361 1791 2401 608.
1815 2361 1967 2398 Gruter.
1988 2359 2050 2397 In-

532 2418 649 2469 script.
672 2431 705 2469 p.
735 2432 833 2473 527.
853 2434 894 2471 4.
942 2421 1041 2473 528.
1070 2435 1104 2461 1.
1129 2434 1228 2474 549.
1258 2436 1292 2462 1.
1318 2423 1392 2462 &c⁰

963 2500 983 2535 1
1894 2477 2052 2536 Divi·-
