2425 3152
673 254 1186 320 TABULA
1271 253 1475 312 XXII.
1737 269 1858 331 259

348 361 618 422 evolutas,
663 358 1035 432 examinasset,
1080 380 1143 417 ac
1166 359 1376 417 summa
1399 355 1682 438 diligentia
1710 355 1864 413 diffe-

349 444 554 517 cuiffet,
595 444 647 502 se
684 444 818 502 nihil
841 443 1076 526 prorsus,
1122 459 1319 523 praeter
1350 441 1582 499 Gummi
1628 441 1718 497 seu
1758 437 1864 495 As-

349 528 522 609 phalti
550 529 802 609 glebulas
824 527 1084 608 quasdam
1113 542 1391 585 concretas
1409 523 1666 582 inveniffe
1689 522 1865 580 dicit¹.

350 614 560 694 Neque
588 611 742 670 aliud
792 612 924 670 item
962 611 1264 691 quidquam
1310 608 1616 666 Pocockius
1668 606 1867 678 noster,

351 695 726 778 peregrinator
754 694 998 753 curiosus
1027 710 1196 775 atque
1225 693 1490 765 eruditUS,
1538 693 1590 749 in
1631 691 1869 748 Mumiis

352 780 479 853 istis,
539 801 676 859 quas
706 778 1072 859 perscrutatus
1095 779 1191 851 est,
1237 778 1287 835 se
1319 774 1752 834 animadvertisse
1778 775 1871 831 de-

353 865 568 922 clarat².
658 862 941 922 Mumiam
991 863 1226 943 denique
1264 862 1522 934 nostram,
1576 857 1873 940 pretiofissi-

353 969 446 1007 ma
475 947 601 1007 licet
646 947 937 1006 condiendi
969 946 1178 1005 ratione
1222 961 1489 1018 curatam,
1542 944 1762 1001 nullum
1791 959 1875 1000 ta-

355 1053 483 1091 men
511 1047 842 1105 aromatum,
901 1031 1206 1090 odorumve
1242 1052 1436 1111 genUS,
1490 1044 1687 1110 praeter
1731 1027 1877 1085 bitu-

357 1138 484 1178 men
515 1138 729 1175 merum
758 1116 1000 1174 redolere
1027 1131 1126 1173 aut
1154 1115 1413 1173 exhibere
1438 1113 1762 1171 invenimuS.

444 1201 621 1281 Qod
667 1222 800 1259 vero
848 1200 918 1257 de
969 1198 1348 1258 Cadaveribus
1399 1197 1540 1256 hisce
1594 1195 1879 1254 Diodorus

359 1284 556 1359 scribit,
602 1285 856 1343 nimirum
885 1298 1044 1342 tanto
1072 1306 1136 1342 ea
1165 1283 1395 1343 artificio
1423 1282 1631 1363 semper
1658 1280 1880 1339 condita

361 1368 537 1443 fuiffe,
581 1385 648 1428 ut
660 1368 946 1452 pristinum
975 1366 1197 1429 hominis
1225 1369 1470 1450 cujusque
1507 1367 1729 1448 ffgiem
1755 1366 1881 1449 spe-

363 1455 590 1534 ciemque
601 1453 821 1534 fingulu
849 1454 1155 1525 retinerent,
1201 1467 1252 1510 et
1280 1452 1373 1511 vel
1399 1452 1788 1533 palpebrarum
1816 1472 1882 1507 ae

343 1537 760 1620 superciliorum
778 1537 888 1618 pili
910 1539 1109 1618 integri
1132 1551 1410 1595 manerent
1428 1545 1476 1611 ³3
1532 1555 1882 1615 nequaquam

364 1642 559 1680 verum
604 1620 710 1679 effe
735 1621 932 1702 potest,
976 1621 1066 1678 sed
1096 1621 1164 1678 de
1207 1621 1392 1680 loculo
1429 1618 1613 1702 potius
1651 1619 1883 1676 cadave-

366 1705 437 1764 ris
466 1727 633 1786 quam
661 1705 730 1762 de
766 1705 1029 1763 cadavere
1055 1704 1165 1786 ipso
1188 1704 1636 1786 intelligendum,
1679 1702 1883 1783 quippe

366 1791 597 1848 cadaver
614 1788 904 1870 multiplici
923 1789 1206 1847 fasciarum
1220 1788 1619 1870 integumentO,
1643 1810 1675 1845 a
1705 1786 1883 1867 capite

364 1874 537 1955 usque
565 1874 635 1931 ad
680 1871 844 1956 pedes
894 1873 968 1932 ita
999 1872 1216 1954 penitus
1259 1873 1576 1931 involutum
1619 1886 1752 1943 erat,
1818 1886 1883 1929 ut

365 1959 524 2016 nulla
553 1958 669 2032 ejus
698 1979 823 2037 pars
858 1955 1088 2015 omnino
1117 1957 1350 2038 conspici
1381 1957 1567 2038 poffet.

451 2042 776 2100 Herodotus
800 2057 1012 2114 contra,
1057 2043 1202 2099 hanc
1225 2063 1338 2099 rem
1363 2041 1436 2098 ita
1460 2043 1634 2120 plane,
1680 2053 1745 2096 ut
1788 2060 1883 2118 ge-

371 2125 450 2185 sta
495 2141 642 2197 erat,
690 2146 967 2205 exponere
1002 2124 1235 2182 videtur.
1359 2130 1396 2157 “
1446 2126 1687 2181 Cerebro
1737 2123 1883 2180 enim

371 2215 409 2243 ‘⁶
437 2207 835 2289 visceribusque
858 2207 1139 2282 detrae‘dS,
1159 2209 1496 2289 cadaverper
1525 2208 1636 2265 dies
1667 2208 1882 2286 septua*

435 2368 443 2384 ³
478 2364 567 2404 Vid,
591 2364 761 2405 Kircher,
790 2363 924 2416 Oedip.
948 2363 1105 2417 AEgypt.
1129 2363 1218 2403 Vol,
1247 2378 1282 2419 3.
1307 2377 1342 2417 p.
1372 2379 1470 2419 397.

432 2435 446 2452 ³
478 2424 566 2465 Vid„
589 2425 739 2465 Pecock
759 2425 916 2464 Travels
934 2424 959 2464 1.
982 2438 1019 2479 5.
1042 2438 1073 2464 c.
1100 2438 1137 2480 5,

431 2490 448 2534 3
479 2485 568 2543 yid,
592 2485 747 2527 133on
769 2485 856 2527 ibid,

1120 2545 1175 2604 K
1218 2544 1258 2603 k
1306 2564 1342 2605 2,
1655 2550 1692 2579 ί(
1739 2543 1890 2606 orinia
