2425 3152
731 181 1040 243 TABU
1091 185 1235 243 LA
1302 184 1502 243 XVII.
1742 186 1856 242 181

339 288 559 349 deribus
587 288 661 347 ad
707 288 853 346 hanc
882 286 1053 368 usque
1099 303 1322 347 aetatem
1372 286 1721 346 conservatus
1771 287 1865 356 est,

340 371 849 454 interpretationem
894 371 1054 431 istam
1097 372 1314 453 prorsus
1352 370 1661 443 refellunt¹‚
1737 393 1863 450 pro-

341 458 720 538 miscuumque
748 456 871 515 aeris
893 478 957 515 ac
995 456 1123 515 ferri
1155 456 1315 515 usum
1349 478 1444 537 per
1464 458 1642 514 multa
1687 457 1865 513 secula

341 541 553 601 duraffe
581 540 927 600 confirmant.
1017 546 1170 623 Qae
1199 540 1422 621 quidem
1444 555 1681 619 utraque
1704 562 1737 597 a
1771 540 1864 597 Ci-

341 648 558 700 cerone,
577 641 844 706 tanquam
874 625 1004 684 belli
1036 625 1419 698 instrumenta,
1445 640 1502 682 et
1533 623 1710 682 Marti
1741 646 1868 705 pro-

343 712 457 794 pia,
493 717 1051 769 commemorantur²z

428 796 779 869 PlutarchUS‚
826 794 1130 854 Aristotele
1151 792 1405 868 aufflmre,
1450 760 1639 867 tradit,
1684 793 1876 852 vulne-

343 904 412 940 ra
439 880 558 954 illa,
603 901 720 960 quae
740 880 971 961 spiculis.
1004 878 1184 962 gladii
1208 880 1363 936 aeneis
1400 878 1740 960 infliguntur,
1771 880 1869 936 mie

344 987 528 1024 norem
575 964 778 1047 efficere
819 964 1074 1038 dolorem,
1118 963 1451 1044 faciliusque
1482 964 1696 1041 stmari
1732 962 1872 1045 pff?

345 1071 511 1131 quam·
537 1071 657 1130 quae
687 1050 899 1128 ferreis
919 1073 952 1122 3¹
983 1062 1273 1131 propterea
1315 1049 1463 1128 quod
1499 1070 1571 1105 aes
1618 1049 1874 1106 virtutem

345 1136 623 1216 quandam
645 1133 1010 1192 medicinalem
1052 1135 1112 1191 in
1123 1133 1192 1209 se
1211 1131 1432 1194 habeat,·
1470 1154 1633 1213 quam
1671 1134 1729 1190 in
1757 1132 1875 1191 vul-

344 1240 472 1277 nere
499 1218 605 1300 ipso
616 1217 811 1297 statim
855 1218 1065 1300 deponit
1077 1225 1112 1275 ³¹.
1203 1216 1266 1275 Si
1298 1218 1372 1275 ob
1419 1217 1563 1275 hanc
1603 1216 1768 1298 igitur
1790 1239 1876 1275 ra-

345 1303 576 1377 tionem,
621 1323 825 1360 vanam
871 1301 999 1361 licet
1055 1325 1120 1362 ac
1166 1300 1409 1376 futilem,
1470 1317 1686 1360 Veteres
1726 1301 1876 1374 istos,

346 1387 710 1448 humanitatis
739 1386 894 1445 sensu
933 1403 1265 1461 commot03‚
1326 1408 1479 1445 arma
1523 1408 1680 1446 aenea
1722 1387 1888 1446 usur--

410 1509 424 1526 ³
457 1506 549 1546 V‘xd.
574 1505 794 1546 M'ontfauc.
818 1506 978 1560 Antiqu.
1007 1507 1154 1558 Vol.‚4.
1172 1506 1198 1546 1'.
1221 1520 1258 1546 2.
1279 1519 1312 1544 c.
1332 1519 1372 1561 7.

408 1566 425 1584 ²
456 1569 544 1621 Jam
566 1581 610 1607 aes
630 1578 744 1621 atque
765 1567 921 1618 ferrum,
955 1568 1070 1608 duelli
1090 1568 1336 1607 instrumenta
1356 1580 1432 1606 non
1455 1566 1545 1606 fani'.
1577 1566 1661 1620 Leg
1681 1580 1718 1607 2.
1749 1580 1763 1607 1
1778 1566 1824 1607 8.>

409 1633 425 1658 ³
457 1630 557 1670 Plut.
578 1630 747 1683 Sympos.
771 1645 811 1685 3.
844 1643 878 1670 e.
895 1630 965 1670 ult.
1002 1631 1063 1670 De
1085 1629 1158 1669 hac
1179 1630 1383 1669 vulnerum
1404 1628 1591 1667 medicina
1610 1629 1658 1667 ab
1680 1628 1756 1666 aeris
1773 1627 1878 1667 rubi-

347 1691 432 1745 gine
454 1690 627 1744 petenda,
660 1691 813 1731 celebris
842 1691 1014 1744 quaedam
1036 1690 1184 1741 fabella,
1217 1706 1239 1730 a
1259 1690 1383 1730 Poetis
1409 1689 1486 1729 fere
1507 1690 1683 1729 omn-ibus
1704 1689 1879 1728 decanta-

346 1763 398 1802 ta,
430 1752 530 1806 apud
544 1753 717 1806 antiquos
756 1753 957 1794 ferebatur
1021 1752 1215 1807 Telephus
1257 1751 1374 1800 enim,
1415 1751 1551 1805 Myfiae
1579 1765 1658 1799 rex,
1708 1765 1799 1790 cum
1832 1752 1880 1789 ab

347 1813 500 1856 Achille
522 1815 681 1867 graviter-
700 1815 914 1854 vulneratus
952 1814 1052 1864 effet,
1087 1828 1157 1853 nec
1193 1814 1405 1853 remedium
1446 1813 1600 1852 ullum
1591 1813 1754 1851 mvenire
1796 1812 1887 1865 pos·

348 1877 423 1925 set,
447 1876 495 1915 ab
517 1876 683 1915 Oraculo
699 1875 773 1915 hoc
796 1876 1016 1930 responsum
1037 1877 1192 1929 accepit,
1227 1884 1269 1913 ut
1290 1874 1337 1914 ab
1359 1888 1410 1925 eo,
1442 1888 1466 1913 a
1497 1888 1561 1927 quo
1583 1873 1714 1912 wlnus
1734 1882 1882 1926 accepe-

349 1945 429 1986 rat,
449 1940 669 1992 fitnaretur.
736 1939 800 1977 Ab
825 1937 974 1977 Achille
1005 1938 1119 1990 igitur
1140 1950 1252 1990 opem
1275 1937 1392 1990 petiit,
1425 1936 1492 1989 qui
1513 1935 1623 1974 hastae
1645 1935 1721 1987 ejus
1738 1936 1884 1989 rubigi-

351 2012 453 2048 nem,
488 2013 563 2052 qua
584 2013 675 2038 eum
697 1999 859 2047 feriiffet‚
892 1999 940 2038 ad
957 1999 1092 2039 vulnus
1108 1999 1302 2047 adhibens,
1335 1998 1428 2037 illud
1451 1997 1575 2036 statim
1605 1996 1768 2036 sanavit.

1145 2062 1227 2113 Ego
1254 2056 1425 2113 Telephon
1447 2057 1547 2111 htfia

354 2121 587 2174 Pugnantem
609 2120 740 2170 domui,
775 2121 915 2160 vicflum
937 2130 1167 2175 orantemque
1195 2120 1336 2173 refecir
1470 2120 1544 2159 Ov..
1567 2119 1667 2158 Met.
1694 2133 1716 2159 1Δ
1722 2133 1760 2173 3.
1786 2133 1882 2175 171,

352 2183 476 2237 Ilcsjsus
498 2190 533 2221 et
557 2183 751 2222 Haemom'a
762 2182 917 2234 juvenis
938 2198 1009 2237 qua
1031 2182 1173 2236 cuspide
1201 2181 1342 2221 vulnus

473 2243 657 2297 Senfirat,
690 2244 757 2284 hac
778 2245 856 2299 ipfiz
885 2244 1029 2298 cuspide
1036 2244 1151 2298 ſsvfit
1178 2251 1285 2298 opem.
1590 2242 1755 2295 Propert.
1781 2256 1820 2281 2.
1851 2257 1885 2282 1,

354 2306 410 2344 Et
412 2305 484 2358 stc,
518 2305 640 2358 inquit
659 2307 813 2357 Plinius,
848 2305 1038 2360 ‘Telephum
1054 2305 1231 2359 proditur
1247 2303 1396 2359 sa7l<lffl
1425 2302 1602 2353 Achilles,
1620 2303 1706 2355 five
1728 2302 1770 2342 id
1777 2316 1888 2341 ‘cerea

337 2367 445 2469 stvest
432 2368 572 2419 ferrea
595 2367 855 2423 cuspidefecit.
921 2370 984 2409 Ita
1021 2376 1120 2410 certe
1155 2366 1372 2421 depingitur
1407 2379 1484 2406 eam
1525 2363 1713 2405 decutiens
1747 2363 1889 2417 gladio,

354 2429 412 2469 Hi
448 2429 529 2472 .N.
556 2444 624 2485 34.
655 2445 670 2471 1
684 2446 722 2486 5.

661 2513 685 2550 1
1741 2483 1889 2566 passe
