2425 3152
520 263 600 319 26
936 257 1453 319 TABULA
1539 262 1614 321 11.

605 458 744 517 Huc
780 455 920 537 pede
947 470 1248 514 matronam
1273 456 1391 515 vidi
1426 455 1731 534 deffendere
1772 457 1948 517 nudo¹.
2017 510 2019 512 .

603 625 736 702 Jam
764 645 896 682 vero
918 622 953 681 fi
985 637 1199 704 quaerat
1226 624 1453 682 tandem
1481 623 1702 705 aliquis,
1745 626 1820 684 ob
1867 645 2037 706 quam

520 708 758 780 causam,
782 710 927 765 hanc
955 708 1283 766 leunculam
1304 706 1439 766 olim
1468 706 1662 768 fletam
1682 708 1786 768 effe
1808 726 2002 791 putem
2011 733 2033 783 3

521 791 756 849 dicerem
794 792 939 866 sane,
984 813 1058 850 ex
1105 807 1242 850 voto
1287 814 1387 873 pro
1419 792 1712 852 Infantulo
1747 809 1882 853 nato
1927 795 2036 852 Ce-

522 876 623 933 reri
647 876 911 955 suscepto,
955 897 1078 933 eam
1094 875 1409 934 confeRam
1437 876 1560 950 effe,
1584 892 1755 957 atque
1783 877 1841 935 in
1862 877 2039 936 Tem-

521 961 616 1040 plo
660 959 858 1016 deinde
893 961 1034 1016 Deae
1073 981 1174 1039 pro
1202 980 1354 1018 more
1403 959 1721 1040 suspensam,
1813 961 2038 1020 Etenim

519 1037 766 1124 Templa
786 1042 900 1101 fere
933 1042 1133 1104 omnia,
1158 1065 1308 1101 vcum
1335 1044 1487 1124 apud
1519 1044 1749 1103 Graecos
1777 1059 1901 1103 tum
1918 1046 2041 1104 Ro-

521 1150 715 1185 manos
727 1175 744 1200 ,
807 1126 1106 1185 istiusmodi
1146 1127 1306 1185 donis
1344 1127 1543 1186 referta
1587 1127 1771 1202 fuiffe‚
1838 1128 2038 1210 perspi-

521 1235 692 1269 cuum
709 1212 811 1269 est:
859 1234 985 1291 quae
1006 1211 1251 1270 maxima
1269 1233 1341 1270 ex
1358 1227 1511 1293 parte
1529 1210 1666 1270 nihil
1689 1212 1843 1270 aliud
1861 1230 2036 1287 erant,

520 1318 584 1353 ac
620 1295 809 1377 figula,
862 1297 953 1353 seu
992 1295 1223 1354 minutae
1253 1296 1513 1376 quaedam
1544 1297 1817 1370 Deorum,
1859 1297 2039 1355 homi,-

519 1403 729 1438 numve
759 1380 972 1461 figurae,
1018 1402 1048 1437 e
1076 1402 1345 1438 marmore
1376 1381 1703 1461 plerumque
1724 1397 1825 1439 aut
1845 1384 2039 1440 metal-

521 1466 578 1522 lo
613 1463 867 1522 conflatae
892 1489 910 1538 3
959 1464 1162 1544 quibus
1192 1466 1395 1523 tabella
1417 1464 1585 1523 etiam
1608 1465 1815 1523 bafisve
1841 1465 2041 1540 adjun-

521 1547 615 1606 ἃᾶ
638 1565 772 1622 erat,
819 1571 946 1629 quae
968 1565 1024 1608 et
1043 1551 1182 1607 Deae
1205 1565 1260 1606 et
1282 1548 1535 1607 voventis
1554 1571 1757 1607 nomen
1775 1548 2037 1624 indicare,

522 1632 851 1712 causamque
875 1632 989 1691 voti
1021 1655 1300 1714 exponere
1328 1633 1571 1707 solebat3
1620 1655 1789 1713 quam
1812 1633 2039 1713 quidem

523 1716 712 1790 basim,
757 1717 813 1773 in
850 1732 1004 1774 tanta
1042 1716 1302 1798 temporis
1335 1716 1759 1798 longinquitate,
1805 1719 1875 1774 ab
1905 1718 2041 1776 ima-

522 1800 651 1881 gine
682 1802 864 1858 nostra
895 1799 1218 1876 sejun&am,
1263 1816 1319 1859 et
1348 1801 1688 1882 deperditam
1716 1800 1839 1875 effe,
1884 1803 2040 1860 haud

523 1884 837 1943 mirandum
876 1885 969 1942 est0

590 2063 602 2078 ¹
626 2054 737 2094 Ovid.
764 2055 860 2094 Fast.
887 2058 926 2095 6,
955 2070 1055 2111 397.
1088 2055 1260 2108 Virgines
1283 2068 1333 2094 ex
1357 2057 1567 2097 sacerdotio
1589 2056 1712 2097 Vestae
1730 2056 1833 2097 nudo
1853 2057 1945 2111 pede
1974 2057 2042 2096 fu-

525 2116 662 2170 gientia
684 2117 780 2158 sacra
807 2118 1043 2157 comitantur.
1077 2116 1177 2157 Flos.
1198 2116 1223 2157 l.
1247 2131 1280 2157 1,
1303 2130 1336 2157 e.
1360 2131 1422 2170 ¹3·
1450 2120 1470 2170 ζ)
1496 2132 1560 2159 12.

1772 2554 1821 2612 Ι,
1848 2553 2042 2611 Ο.Μ.,
