2425 3152
797 212 1430 270 INDEX.

969 376 1085 425 Tab.
1123 379 1227 424 VII.

390 458 597 520 Qatuor
624 451 736 499 item
758 450 932 499 vascula
956 452 1108 512 vitrea,
1130 454 1176 499 in
1197 452 1393 501 eundem
1408 449 1540 498 usum
1557 464 1736 517 parata3
1761 451 1863 517 qui*-

317 524 398 571 bus
423 533 654 587 unguenta
680 521 856 579 scilicet,
907 521 966 569 ad
1013 535 1301 570 mortuorum
1329 522 1495 569 cineres
1531 520 1859 588 inspergendos,

316 594 365 640 in
392 590 633 658 sepulchris
651 590 856 639 asservari
874 589 1076 640 solerent.

951 722 1068 769 Tab.
1108 724 1241 769 VIII.

380 802 594 846 Lucernae
622 809 815 863 quatuor
849 797 1159 865 sepulchrales.
1234 799 1367 856 Item,
1415 796 1540 845 anuli
1575 797 1669 846 duo
1707 802 1858 860 aurei;

315 881 451 934 atque
476 869 642 915 inauris
666 868 805 916 etiam
829 868 1071 917 muliebris.
1163 867 1254 916 Ubi
1278 865 1562 915 lucernarum
1604 867 1860 933 sepulchra-

314 939 430 985 lium
451 937 566 996 usus,
619 950 662 985 et
688 936 940 1001 figurarum
965 940 1013 986 in
1038 938 1104 985 his
1128 937 1282 985 nostris
1301 935 1601 1001 expressarum
1626 936 1860 1005 ⁸fignifica-

315 1009 380 1055 tio
401 1007 738 1072 investigantur.
811 1008 991 1055 Deinde
1008 1008 1064 1055 de
1088 1007 1230 1055 anulis
1261 1008 1418 1065 aureis,
1456 1018 1592 1071 atque
1612 1008 1856 1069 inauribus,

313 1076 556 1142 ceterisque
603 1075 925 1125 defundkorum
968 1078 1258 1134 ornamentis,
1306 1094 1399 1122 una
1437 1093 1544 1122 cum
1586 1095 1746 1124 eorum
1792 1080 1862 1126 os-

311 1144 428 1193 fibus
452 1148 501 1193 in
526 1145 759 1213 sepulchro
791 1164 819 1195 a
850 1148 1113 1214 propinquis
1155 1146 1293 1195 condi
1341 1144 1491 1205 solitis,
1552 1146 1759 1212 quaedam
1787 1148 1859 1196 di-

313 1228 492 1264 cuntur.

975 1348 1090 1397 Tab.
1125 1352 1204 1397 IX.

384 1430 417 1473 Ι.
454 1426 617 1475 Libelli
656 1428 809 1476 veteris
842 1426 932 1476 five
965 1426 1212 1492 Pugillaris‚
1254 1425 1537 1493 Operculum
1576 1428 1854 1489 Eburneum‚

313 1497 359 1543 in
376 1494 612 1562 sepulchro
630 1499 818 1562 antiquo
836 1509 1074 1564 repertum.
1141 1498 1233 1545 Ubi
1253 1496 1542 1562 pugillarium
1567 1496 1713 1546 forma
1737 1499 1859 1547 usus-

311 1584 414 1630 que,
467 1566 525 1614 ad
575 1581 703 1615 notas
742 1567 908 1615 scilicet
945 1566 1091 1615 breves
1134 1567 1428 1632 excipiendas,
1480 1565 1857 1616 demonstrantur:

311 1638 370 1683 II.
425 1636 644 1684 Tibicinis
684 1637 942 1685 Utricularii
981 1637 1277 1702 lmaguncula
1311 1654 1442 1684 aenea.
1525 1636 1614 1684 Ubi
1635 1637 1691 1685 de
1713 1639 1856 1686 Tibiae

310 1705 572 1772 istius-apud
596 1719 759 1755 veteres
776 1707 872 1767 usu,
900 1725 953 1754 ac
970 1707 1026 1754 de
1046 1707 1325 1766 Ludionum,
1365 1707 1646 1766 Morionum,
1686 1725 1738 1754 ac
1759 1710 1855 1755 Mi-

309 1792 491 1823 morum
516 1795 677 1842 genere
704 1779 849 1837 omni,
887 1777 946 1825 ad
976 1778 1179 1824 convivia
1220 1775 1437 1842 ludosque
1476 1775 1679 1824 adhiberi
1709 1777 1850 1837 solito,

305 1845 572 1912 disputatur.
645 1849 725 1894 III.
762 1846 1050 1900 Pocillatoris,
1074 1846 1147 1894 seu
1163 1846 1271 1894 servi
1292 1846 1351 1893 ad
1374 1845 1575 1894 mensam
1594 1846 1853 1895 ministran-

307 1917 361 1963 tis
393 1917 702 1981 Imaguncula.
774 1917 865 1964 Ubi
890 1920 1213 1964 Romanorum
1239 1917 1384 1975 luxus,
1423 1917 1471 1963 in
1503 1915 1727 1963 servorum
1753 1936 1854 1982 gre-

308 2003 363 2049 ge
386 1988 694 2051 comparando
728 1986 984 2046 illustratur,
1024 1999 1069 2034 et
1118 1986 1442 2034 Pocillatorum
1485 1986 1738 2050 praesertim,
1777 1987 1851 2035 seu

309 2054 536 2102 servorum
560 2057 951 2104 Tricliniariorum
984 2056 1161 2104 vestitus
1213 2057 1379 2104 nitidus
1415 2068 1460 2103 et
1505 2055 1767 2104 delicatulus
1793 2075 1847 2104 ex

307 2125 504 2190 imagine
533 2125 682 2174 nostra
706 2126 926 2173 indicatus
950 2126 1024 2174 est.
1105 2127 1233 2172 Tum
1276 2126 1333 2173 de
1371 2127 1558 2189 antiqua
1583 2143 1607 2172 e
1639 2125 1848 2173 cornibus

304 2194 494 2259 potandi
518 2195 841 2244 consuetudine
860 2195 1080 2243 nonnulla
1099 2208 1421 2243 memorantur.

963 2328 1076 2375 Tab.
1114 2329 1170 2372 X.

372 2407 459 2454 Ibis
485 2408 709 2473 AEgyptia.
782 2408 873 2455 Ubi
894 2408 1006 2454 Avis
1040 2408 1160 2455 istius
1192 2420 1363 2464 natura,
1402 2404 1561 2465 cultus,
1600 2406 1843 2471 divinique,

304 2476 424 2540 apud
464 2478 700 2544 AEgyptios
737 2491 916 2536 vetereS,
955 2476 1143 2525 honores
1180 2477 1473 2543 explicantur.
1533 2479 1688 2540 Atque
1707 2475 1843 2592 plume

935 2564 960 2593 a
1002 2564 1024 2594 2
1644 2562 1704 2592 no
1746 2562 1842 2593 ram
