2425 3152
581 244 897 309 TABU
940 251 1074 311 LA
1165 250 1340 314 XIX.
1611 275 1723 313 201

215 440 501 522 eidemque
556 438 752 498 divites
811 440 1011 499 idcirco
1054 442 1332 499 bonorum
1378 441 1602 501 suorum
1640 444 1734 501 den

213 547 402 584 cumas
430 545 633 583 vovere
674 523 877 598 solit08‚
924 526 1206 607 legimus¹.

213 655 361 712 Haec
411 651 617 731 vaem‘ffie
651 653 779 729 jam
827 667 951 733 opus
979 653 1067 729 est,
1112 668 1375 732 quantum
1394 655 1576 733 potest,

215 738 318 798 Uti
363 738 637 795 decumam
654 751 875 819 partem
923 737 1167 795 Herculi
1182 737 1476 819 polluceam
1492 744 1528 797 ².

297 866 429 942 Jam
480 886 842 923 nummorum
888 862 1020 923 item
1058 865 1260 923 horum
1290 866 1555 946 pondera,
1607 889 1737 928 cum

215 949 334 1007 assis
384 947 738 1022 Sextantarii,
814 947 1168 1030 partiumque
1212 950 1326 1025 ejus
1381 950 1738 1031 descriptione

215 1034 338 1092 satis
388 1049 518 1115 apte
546 1049 882 1114 congruunt,
926 1031 1020 1089 nifi
1052 1034 1204 1113 quod
1263 1035 1562 1117 Qadrans
1599 1058 1737 1116 pon-

214 1119 320 1175 dus
349 1118 464 1192 ejus
495 1117 805 1198 legitimum
833 1116 1245 1196 aliquantulum
1276 1118 1599 1199 exsuperet:
1654 1136 1738 1179 at-

215 1223 326 1282 que
348 1202 455 1259 hoc
485 1201 630 1259 idem
655 1201 1142 1274 MontfauconiUS‚
1189 1203 1241 1258 se
1272 1201 1327 1259 in
1350 1203 1457 1261 hoc
1480 1225 1738 1263 nummo-

215 1308 342 1344 rum
371 1307 572 1367 genere
602 1285 840 1366 persaepe
869 1284 1129 1343 inveniffe
1147 1285 1436 1345 declarat³.
1512 1289 1738 1371 Qippe

214 1371 271 1430 in
295 1369 537 1429 nummis
556 1368 854 1427 istiusmodi
878 1368 1148 1441 feriendiS‚
1192 1369 1227 1427 fi
1247 1371 1367 1429 aeris
1386 1374 1615 1452 percuffi
1639 1375 1738 1432 ali-

215 1454 379 1536 quid,
432 1455 584 1534 quod
629 1453 874 1511 accidere
915 1476 1316 1534 nonnunquam
1356 1456 1563 1515 neceffe
1600 1475 1736 1532 erat,

215 1541 366 1598 ultra
396 1538 627 1596 modum
668 1538 992 1619 pondusque
1030 1539 1244 1595 nummi
1278 1540 1562 1620 proprium
1596 1542 1739 1600 forte

216 1622 534 1696 adhaefiffet‚
580 1622 720 1681 illud
749 1639 933 1681 tamen
957 1622 1198 1704 opificeS‚
1243 1623 1299 1681 in
1323 1645 1380 1681 re
1402 1626 1599 1684 tantilli
1618 1649 1739 1707 pre-

216 1708 297 1782 tii,
343 1707 740 1790 negligendum
771 1707 1000 1766 omnino
1029 1707 1442 1767 arbitrarentur.

1397 1803 1512 1849 Une.
1562 1804 1702 1850 Gram

302 1869 389 1926 As
411 1867 593 1926 noster
610 1869 994 1928 Sextantarius
1007 1868 1124 1944 jam
1141 1869 1387 1929 continet
1450 1892 1473 1928 1
1574 1876 1693 1949 348

905 1954 1138 2012 Semiffis
1237 1995 1261 2004 -
1306 1993 1330 2003 -
1373 1990 1397 1999 -
1444 1977 1479 2011 0
1574 1977 1695 2032 342
1738 1958 1741 1961 ’

908 2038 1113 2096 Triens
1140 2061 1303 2097 0000
1335 2074 1358 2083 -
1387 2077 1410 2086 -
1444 2061 1479 2095 0
1572 2045 1697 2116 264

911 2123 1208 2201 Qadrans
1240 2143 1362 2180 000
1446 2144 1481 2179 0
1575 2130 1695 2200 248

304 2205 412 2263 Sed
458 2203 622 2263 assem
677 2205 875 2263 deinde
925 2207 994 2262 ad
1051 2207 1269 2266 unciale
1334 2207 1467 2263 item
1519 2210 1738 2287 pondus

220 2289 577 2347 imminutum
625 2289 826 2363 ess'esa
872 2289 1050 2348 Plinio
1089 2291 1249 2372 supra
1293 2290 1557 2349 traditum
1605 2294 1738 2374 legi-

278 2392 288 2408 ¹
320 2384 394 2425 Διοί
413 2405 442 2424 τι
474 2386 520 2438 τῷ
548 2386 718 2440 Ἡρακλεῖ
742 2384 874 2426 πολλοὶ
904 2386 968 2427 ‘sliu
990 2387 1152 2428 πλεο-ἴων
1174 2386 1362 2429 ἐδεκάτευον
1383 2386 1449 2432 τοίς
1470 2386 1584 2433 ἐσιόις.
1642 2389 1737 2429 Plut-

222 2446 359 2491 Quaest.
383 2446 499 2482 Rom.

281 2515 296 2530 ²
327 2506 447 2545 Plaut.
471 2504 584 2546 Stich.
610 2508 680 2546 Ac.
711 2521 744 2546 1.
765 2509 822 2546 Sc.
851 2522 888 2561 3.
921 2507 988 2548 80.

286 2578 296 2601 3
332 2566 522 2619 Supplem.
547 2567 633 2607 Vol.
659 2582 696 2621 3.
716 2568 740 2609 l.
766 2582 807 2620 4.
832 2582 864 2608 e.
890 2583 930 2625 7.

1039 2629 1088 2685 C
1132 2649 1162 2685 c
1579 2649 1702 2685 mus
1725 2652 1736 2685 :
