2425 3152
595 276 678 334 54
975 253 1494 313 TABULA
1581 258 1686 314 III.

585 357 755 417 *nullis
793 358 1011 417 fortass'e
1055 360 1473 419 concedendum
1516 360 1597 433 fit,
1649 360 1718 418 de
1739 358 1998 418 univerfis
2026 374 2107 419 ta-

591 465 717 502 men
748 466 1101 525 nequaquam
1132 445 1484 502 statuendum
1526 444 1806 503 arbitror¹.

677 529 769 586 De
799 530 902 586 hac
943 545 1131 587 autem
1173 529 1493 609 quaestione,
1539 543 1595 587 et
1645 530 1713 587 de
1758 528 2108 588 vasculorum

591 612 747 670 fimul
780 613 1081 672 vitreorum
1120 613 1269 694 apud
1321 615 1611 671 Romanos
1649 613 1764 675 usu,
1809 628 2110 695 antequam

590 698 751 778 plura
800 696 1132 758 differamus,
1178 698 1247 754 de
1289 697 1414 755 vitri
1465 697 1626 778 ipfius
1670 696 1883 778 origine
1930 719 2105 778 pauca

589 782 848 860 quaedam
877 781 1054 838 dicere
1077 781 1228 854 libet,
1274 803 1399 861 quae
1423 781 1477 839 in
1508 797 1662 839 tanta
1692 783 1769 840 rei
1809 781 2109 840 obscurita-

590 882 660 939 te,
703 888 775 922 ex
826 866 1148 943 scriptorum
1200 882 1449 923 veterum
1498 865 1869 923 monumentis
1914 887 2106 923 eruere

589 948 877 1029 potuerim.
966 953 1004 981 “
1037 951 1166 1006 Pars
1185 948 1359 1027 Syriae
1382 949 1479 1021 est,
1510 948 1689 1029 inquit
1708 948 1933 1021 Plinius,
1978 972 2106 1029 quae

588 1040 628 1067 ‘⁶
672 1032 936 1090 Phoenice
957 1049 1211 1105 vocatur,
1256 1032 1486 1091 finitima
1508 1033 1721 1111 Judeae,
1757 1032 1924 1107 juxta
1947 1054 2106 1091 mon-

588 1123 627 1151 “
672 1117 742 1175 tis
773 1116 1013 1174 Carmeli
1031 1117 1258 1191 radices,
1291 1117 1445 1192 cujus
1474 1116 1530 1174 in
1554 1117 1736 1175 littore
1757 1138 1924 1175 arena
1953 1139 2105 1197 quae-

588 1208 627 1235 ‘⁶
673 1202 803 1260 dam
833 1200 1130 1274 invenitur,
1168 1224 1295 1282 quae
1324 1201 1469 1259 vitro
1498 1200 1783 1283 gignendo
1813 1201 2104 1281 aptissima,

587 1292 626 1320 ‘⁶
672 1302 840 1366 atque
890 1285 1050 1343 unica
1084 1284 1196 1343 fere
1242 1308 1336 1367 per
1375 1288 1552 1345 multa
1573 1285 1752 1344 secula
1775 1285 2104 1345 habebatur.

584 1377 625 1404 “
671 1371 769 1428 Ad
793 1372 943 1427 hunc
972 1372 1157 1428 locum
1187 1370 1334 1428 fama
1362 1372 1461 1444 est,
1508 1392 1706 1429 navem
1735 1370 1866 1428 olim
1896 1391 2103 1428 merca-

585 1461 621 1488 “
664 1470 849 1512 torum
875 1454 1001 1512 nitri
1031 1456 1315 1535 appulsam
1345 1455 1481 1526 effe3
1524 1470 1579 1513 et
1628 1476 1758 1512 cum
1806 1454 1963 1534 sparfi
2009 1475 2106 1535 per

586 1545 624 1572 “
671 1538 824 1596 littus
854 1541 1044 1620 epulas
1076 1555 1350 1619 pararent,
1397 1561 1496 1597 nec
1527 1539 1655 1597 esset
1677 1538 1899 1596 cortinis
1937 1540 2105 1597 attol-

582 1631 613 1661 ⁶
659 1624 831 1680 lendis
862 1622 1110 1704 lapidum
1150 1624 1373 1685 occafio,
1418 1625 1605 1704 glebas
1634 1645 1727 1680 eos
1775 1622 1922 1696 nitri,
1968 1623 2105 1703 lapi-

586 1715 625 1741 “
671 1708 806 1764 dum
839 1709 981 1780 low,
1028 1730 1057 1764 e
1088 1708 1214 1765 navi
1246 1708 1568 1780 subdidiffe3
1619 1708 1818 1788 quibus
1868 1706 2104 1765 accensis

587 1799 624 1826 ‘⁶
671 1791 946 1872 permixta
985 1813 1150 1849 arena
1198 1792 1411 1885 littoriS‚
1475 1792 1862 1850 transsucentes
1908 1791 2105 1849 nobilis

585 1882 629 1910 ‘⁶
676 1875 901 1955 liquoris
931 1875 1143 1934 fluxiffe
1173 1877 1252 1933 riv
1256 1897 1335 1950 OS,
1382 1892 1548 1957 atque
1579 1878 1724 1934 hanc
1753 1874 1908 1932 fuifle
1939 1875 2104 1969 origi-

588 1966 625 1993 ‘⁶
671 1983 852 2017 nemv
857 1960 989 2018 itsi2.
999 1961 1032 1983 ”
1120 1960 1269 2017 Hinc
1301 1962 1485 2023 Sidon,
1530 1963 1660 2018 urbs
1704 1960 1818 2034 ejus
1869 1959 2104 2040 regionis

585 2044 858 2125 primaria,
899 2062 1062 2126 arque
1093 2047 1164 2103 ob
1203 2045 1402 2104 artium
1448 2047 1752 2104 multarum
1798 2044 2103 2125 praestanti-

651 2217 660 2233 ¹
696 2219 797 2255 Cum
820 2226 965 2254 certum
987 2217 1043 2264 fit,
1079 2216 1213 2269 figuras
1233 2216 1341 2255 hasce
1366 2215 1507 2255 nonnifi
1531 2216 1568 2254 in
1598 2215 1722 2254 fundis
1745 2214 1969 2267 poculorum
1990 2214 2103 2267 pistas

588 2278 754 2330 reperiri3
790 2287 830 2315 ut
861 2291 906 2314 ex
936 2291 1067 2315 eorum
1085 2278 1313 2317 concavitate
1344 2278 1476 2330 pluries
1502 2276 1757 2316 animadverti.
1824 2275 2006 2328 [Fabrett.
2035 2275 2102 2313 In-

588 2340 710 2390 script.
745 2352 780 2390 p.
808 2353 827 2391 5
838 2337 924 2390 39.]
959 2337 1064 2376 Poffo
1099 2338 1189 2387 dire,
1224 2337 1293 2377 che
1338 2340 1425 2378 sono
1468 2338 1574 2378 fondi
1616 2337 1654 2376 di
1676 2335 1870 2377 Bicchieri.
1935 2337 2098 2375 Buonar.

590 2400 712 2449 Praef.
735 2414 770 2451 3.

651 2465 666 2481 ²
698 2460 1012 2514 Hist.N.1.36.
1034 2473 1066 2501 c.
1092 2461 1161 2499 26.

1993 2552 2099 2591 am>
