2425 3152
534 264 612 336 36
971 255 1479 315 TABULA
1566 257 1673 314 111.

532 379 777 418 moream
797 356 950 439 pueri
971 356 1265 437 imaginem
1292 378 1322 412 e
1346 355 1552 414 Museo
1573 356 1672 413 suo
1695 353 1886 428 edidit,
1918 355 2057 412 Bul-

531 446 585 503 la
610 458 881 515 ornatam,
939 441 996 498 in
1027 462 1139 520 qua
1168 439 1346 497 cordis
1376 438 1555 519 figura
1586 439 1855 520 insculpta
1884 460 2056 518 appa-

531 544 649 587 ret:
716 526 869 607 quod
912 541 1096 583 tamen
1141 524 1213 581 ad
1268 523 1709 582 Christianorum
1755 522 2056 603 priscorum

532 610 988 670 consuetudinem
1036 609 1191 666 istam
1241 607 1471 666 omnino
1522 606 1872 665 referendum
1923 605 2055 679 effe,

532 694 888 753 Ficcoronius
907 692 1141 752 ostendit
1163 701 1196 750 ¹.

621 778 947 862 Qinetiarn
986 798 1178 834 omnes
1222 775 1362 849 fere,
1423 773 1519 855 qui
1563 776 1631 833 de
1671 776 1835 834 Bulla
1886 794 2054 832 aurea

533 864 878 945 scripserunt,
903 883 1025 918 eam
1043 859 1315 917 nobilium
1335 859 1681 917 solummodo
1700 859 1902 931 liberiS,
1932 876 2055 916 tan-

531 970 706 1029 quam
730 945 1006 1027 propriam
1028 942 1342 1001 attribuunt
1367 967 1384 1015 3
1433 957 1677 1000 attamen
1701 942 1952 1022 Equestri
1976 944 2057 1000 lo-

532 1055 602 1090 co
632 1031 795 1103 natiS,
840 1029 1014 1108 usque
1043 1029 1113 1085 ab
1144 1026 1302 1084 initio
1339 1025 1662 1098 concessam,
1708 1026 1955 1105 liquet2:
2003 1040 2059 1083 et

532 1114 820 1198 postremis
871 1113 1125 1192 deinceps
1170 1109 1520 1191 Reipublicae
1563 1109 1922 1190 temporibus,
1985 1111 2056 1166 ab

532 1198 790 1282 ingenuis
821 1198 946 1256 sane
976 1195 1330 1277 quibussibet,
1391 1194 1485 1252 seu
1515 1194 1767 1253 omnium
1795 1193 2056 1251 ordinum

534 1284 763 1357 civibus,
790 1304 1029 1364 quorum
1045 1279 1337 1338 facultates
1360 1279 1431 1336 ad
1454 1278 1751 1336 istiusmodi
1774 1280 2055 1358 sumptum

533 1369 926 1450 pertingerent,
975 1387 1076 1446 pro
1107 1364 1265 1423 libitu
1294 1364 1612 1444 usurpatam
1642 1362 1760 1436 effe,
1803 1383 1876 1419 ex
1901 1361 2057 1419 Cice-

534 1454 684 1512 ronis
713 1455 837 1510 loco
866 1450 1111 1532 quodam
1134 1448 1478 1530 perspicuum
1502 1448 1599 1506 est.

620 1536 845 1596 Etenim
891 1534 1087 1592 Cicero
1105 1579 1122 1607 ,
1184 1535 1417 1590 Verrem
1465 1531 1751 1604 accusanS,
1820 1551 2055 1610 puerum

537 1622 814 1704 quendam
845 1633 1262 1701 praetextatum,
1310 1619 1367 1674 P.
1395 1616 1648 1695 Junium,
1695 1637 1862 1695 quem
1891 1614 2057 1695 patri-

536 1706 726 1766 monio
746 1707 948 1762 Verres
971 1701 1245 1783 spoliarat,
1276 1701 1333 1758 in
1356 1699 1654 1780 conspeE’m
1675 1698 1943 1778 Judicum
1966 1698 2055 1755 sed

537 1791 647 1849 fine
681 1790 843 1848 Bulla
869 1785 1176 1869 produxit,
1224 1785 1376 1866 quod
1407 1808 1535 1843 cum
1565 1783 1910 1856 HortenfiuS,
1959 1781 2055 1862 qui

536 1878 773 1933 Verrem
803 1872 1151 1943 defendebat,
1198 1891 1328 1927 eum
1371 1867 1724 1949 populariter,
1775 1882 1942 1946 atque
1972 1866 2055 1924 in-

537 1959 699 2017 vidiae
723 1955 1139 2016 commovendae
1162 1953 1323 2011 causa
1344 1952 1521 2011 feciffe
1544 1951 1766 2032 questus
1786 1950 1925 2011 effer,
1961 1949 2055 2007 Ci-

537 2066 664 2101 cero
688 2043 761 2102 ita
784 2040 1111 2121 respondet,
1162 2044 1199 2072 ‘⁶
1232 2036 1388 2119 Qid
1419 2052 1553 2109 erat,
1604 2034 1882 2107 Hortenfi,
1931 2049 2054 2091 tan-

539 2134 577 2161 “
623 2128 750 2185 dem
773 2125 827 2183 in
852 2125 948 2182 illo
971 2144 1145 2205 puero
1167 2123 1436 2203 populare
1458 2123 1480 2179 ?
1528 2119 1661 2200 quid
1685 2118 2012 2177 invidiosum
2033 2119 2054 2175 ?

602 2290 614 2306 ¹
649 2283 709 2320 De
729 2282 856 2321 veter.
878 2278 1118 2319 Christianor.
1139 2278 1236 2317 ritib.
1256 2291 1293 2331 p.
1319 2278 1418 2330 265.
1444 2275 1545 2315 Edit.
1570 2275 1686 2315 Rom.
1716 2289 1729 2313 1
1744 2276 1842 2325 644.
1864 2273 1904 2311 it.
1923 2272 2055 2312 Ficco-

538 2358 616 2383 ron.
635 2342 746 2381 Della
768 2342 871 2381 Bolla
892 2342 1008 2380 d'oro.
1026 2353 1062 2392 p.
1088 2353 1153 2390 14.

602 2407 615 2423 ²
649 2403 761 2444 Unde
783 2417 863 2441 mos
884 2402 1076 2448 deductus,
1109 2409 1151 2438 ut
1171 2412 1316 2445 eorum,
1350 2398 1415 2451 qui
1441 2411 1538 2451 equo
1564 2395 1792 2443 meruissent,
1828 2393 1893 2433 filii
1915 2393 2055 2446 insigne

535 2465 573 2505 id
595 2465 784 2505 haberent.
819 2463 914 2502 Plin.
942 2461 1041 2503 Hist.
1058 2461 1152 2502 Nat.
1171 2460 1194 2500 l.
1219 2474 1288 2515 33.
1320 2473 1354 2500 1.

861 2544 885 2580 1
1809 2512 2054 2572 Gracchi
