2425 3152
945 235 1579 296 INDEX.

522 333 721 383 nostram
747 334 883 384 Ibidis
919 335 1134 401 effigiem,
1190 336 1280 387 bafi
1309 339 1420 387 olim
1451 339 1671 388 deauratae
1694 338 1964 406 impositam,
2001 360 2054 391 ac

521 406 718 453 numinis
739 404 839 453 loco
857 405 1175 467 consecratam,
1197 407 1456 474 cultamque
1484 407 1625 469 fuisse,
1658 408 1916 458 ostenditur.

1180 538 1292 586 Tab.
1329 541 1374 585 X
1381 542 1407 586 1.

589 613 831 680 AEsculapii
847 618 1017 682 Imago,
1054 635 1146 665 una
1169 636 1275 665 cum
1289 616 1565 683 Telesphoro
1588 618 1813 685 adjuncto.
1885 622 1975 670 Ubi
1996 623 2053 671 de

521 684 610 729 Dei
647 683 778 748 hujus
819 685 1053 750 religione,
1105 700 1150 734 et
1186 686 1573 753 quemadmodum
1614 692 1816 736 Romam
1852 692 2053 754 primum

521 751 703 799 adve&a
732 751 848 812 fuit3
887 756 996 802 item
1038 755 1095 802 de
1120 758 1264 822 AEgris
1307 757 1355 803 in
1395 756 1566 821 templo
1588 756 1677 822 ejus
1697 757 1970 816 cubantibus,
2010 773 2054 808 et

521 821 785 868 morborum
808 822 989 870 suorum
1008 826 1216 879 remedia,
1257 825 1536 873 somniorum
1554 828 1733 873 monitu
1747 826 2050 888 ediscentibus,

520 888 753 937 disseritur.
825 892 953 938 Tum
977 893 1241 960 Telesphori
1258 895 1395 941 etiam
1414 911 1597 954 nomen,
1635 908 1681 942 et
1702 895 1842 960 qualis
1860 897 1934 945 ille
1957 901 2053 945 De-

521 976 572 1005 us
596 956 743 1021 fuerit,
780 960 1040 1026 explicatur.

1169 1092 1281 1141 Tab.
1319 1095 1425 1141 XII.

588 1167 784 1214 Antinoi
810 1170 968 1233 Imago
988 1187 1122 1229 aenea,
1160 1169 1251 1218 basi
1286 1167 1563 1236 perpulchrae
1604 1169 1813 1220 insistens.
1871 1172 1961 1221 Ubi
1995 1173 2052 1222 de

519 1236 726 1283 Antinoo
773 1238 821 1283 in
867 1239 1072 1287 Deorum
1119 1257 1362 1288 numerum
1396 1238 1548 1299 relato,
1587 1239 1916 1307 honoribusque
1932 1244 1972 1290 ei
1995 1244 2052 1291 ab

518 1304 756 1352 Hadriano
780 1309 1052 1371 Imperatore
1089 1309 1366 1367 constitutis3
1405 1309 1515 1356 item
1534 1309 1590 1357 de
1616 1307 1706 1356 bafi
1723 1313 1935 1376 Imaginis
1963 1312 2052 1359 hu-

512 1373 586 1439 jus
625 1371 852 1438 fingulari,
904 1374 1147 1445 figurisque
1196 1379 1259 1427 ibi
1296 1375 1517 1443 expreffis,
1555 1396 1699 1445 pauca
1725 1381 1930 1446 quaedam
1971 1382 2054 1430 ob-

517 1442 756 1492 servantur.

1148 1578 1263 1627 Tab.
1288 1581 1414 1628 XIII.

586 1655 622 1700 Ι-
658 1651 823 1700 Bacchi
847 1653 1142 1719 Imaguncula
1166 1671 1298 1701 aenea.
1371 1657 1428 1701 ΙΙ.
1465 1654 1694 1720 Serapidis,
1720 1655 1807 1702 Dei
1829 1658 2047 1723 AEgyptii.

520 1722 609 1769 Ubi
636 1722 692 1769 de
717 1722 843 1769 cultu
874 1723 980 1788 ejus,
1019 1721 1197 1770 nonnisi
1222 1723 1315 1771 sero
1338 1727 1539 1771 Romam
1560 1724 1779 1783 traducto,
1817 1724 2051 1775 disseritur.

520 1791 714 1850 Deinde,
753 1792 810 1838 de
842 1794 1026 1839 minutis
1050 1791 1169 1840 hisce
1191 1795 1394 1840 Deorum
1423 1806 1624 1841 veterum
1647 1792 1880 1853 leunculis,
1917 1808 2051 1861 atque

520 1858 703 1907 infinito
726 1858 816 1907 fere
840 1878 994 1908 earum
1026 1880 1218 1910 numero
1255 1861 1391 1910 hodie
1419 1874 1612 1922 extante,
1650 1862 1834 1927 quaestio
1860 1864 2050 1913 institui-

520 1941 594 1976 tur
619 1940 663 1975 et
687 1929 946 1993 explicatur.
1021 1934 1098 1978 ΠΙ.
1135 1931 1278 1978 Arula
1312 1935 1481 1978 Larum
1522 1935 1594 1978 seu
1614 1935 1819 1979 Deorum
1850 1933 2050 1982 Cubicu-

519 1997 680 2045 larium
702 1999 967 2064 perpulchra
990 2017 1045 2046 ex
1071 2018 1165 2047 aere.
1234 2001 1325 2053 Ubi
1360 2000 1577 2066 ejusmodi
1605 2000 1780 2060 Arulas,
1819 2001 1867 2047 in
1902 2005 2049 2067 priva-

520 2080 669 2113 tarum
693 2068 857 2114 aedium
882 2068 1054 2116 Sacellis
1079 2069 1151 2117 seu
1180 2071 1382 2128 Larariis,
1422 2068 1480 2117 ad
1521 2068 1660 2117 thuris
1696 2080 1774 2117 aut
1797 2070 1888 2117 vini
1920 2073 2048 2137 paul-

519 2136 665 2183 lulum
689 2138 1005 2202 excipiendum
1029 2152 1214 2204 paratas,
1274 2151 1408 2204 atque
1451 2151 1555 2187 ante
1595 2142 1800 2187 Deorum
1832 2140 2048 2207 imagines

519 2207 627 2270 poni
654 2205 811 2266 solitaS,
849 2206 1109 2256 declaratur.

1134 2337 1247 2385 Tab.
1284 2341 1409 2386 XIV.

587 2417 620 2460 I.
663 2418 817 2481 Imago
841 2418 1037 2478 Bacchae‚
1086 2421 1159 2468 seu
1191 2421 1387 2469 soeminae
1426 2422 1474 2469 in
1501 2420 1662 2469 Bacchi
1699 2421 1825 2469 sacris
1848 2423 2043 2470 initiatae.

518 2483 609 2531 Ubi
633 2483 751 2532 sacra
778 2486 858 2535 ista
884 2493 1118 2550 nocturna,
1156 2508 1183 2539 a
1227 2489 1485 2540 mulieribus
1525 2490 1756 2551 celebrata,
1791 2491 2045 2540 describun-

1941 2573 2040 2609 tur?²
