2425 3152
497 208 617 262 232
862 185 1375 246 TABULA
1460 186 1636 244 XXI.

494 290 732 363 inaures,
779 290 996 348 monilia
1042 303 1094 346 et
1130 287 1378 347 armillas
1405 289 1614 369 gestare
1658 287 1842 346 solitos
1881 288 2011 371 legi-

494 397 615 433 mus
641 399 651 432 :
702 374 777 432 ita
802 373 950 431 enim
981 373 1609 454 Xenophon,Astyagem
1639 374 1894 445 Medum,
1927 387 2011 430 at·
2093 445 2100 448 ἢ

494 481 593 540 que
639 461 720 516 ita
755 459 891 535 fere
948 456 1282 517 Plutarchus
1326 459 1609 530 Surenam,
1675 455 2012 516 Parthorum

492 545 675 600 ducem
719 541 1002 614 describit3
1053 563 1291 622 eumque
1341 541 1574 598 ornandi
1620 562 1832 600 morem
1883 542 2011 598 Par-

494 628 621 684 thos
645 648 677 683 a
717 626 903 683 Medis
933 625 1192 706 accepiffe
1223 624 1399 683 dicit1.

578 711 753 792 Qod
785 711 1117 768 Parthorum
1147 725 1335 768 autem
1372 710 1599 790 Regum
1642 708 1904 790 imagines
1954 708 2011 766 in

492 795 722 875 gemmis
754 794 893 874 saepe
922 794 1206 874 insculptae
1235 793 1419 866 effent,
1465 809 1633 872 atque
1683 814 1751 850 eo
1795 792 2013 873 prorsus

491 878 707 951 habitu,
754 901 867 958 quo
901 877 993 958 ipsi
1029 899 1217 935 revera
1240 877 1422 934 ornari
1442 876 1692 949 solerent,
1739 897 1810 932 ex
1833 875 2012 934 Plinio

492 962 778 1020 discimus:
825 962 918 1042 qui
948 962 1017 1019 ad
1052 962 1367 1036 Trajanum
1397 982 1426 1018 e
1458 959 1721 1039 Bithynia
1759 959 2011 1033 scribenS,

493 1052 530 1078 ‘⁶
576 1046 626 1104 se
656 1047 935 1104 servulum
966 1047 1243 1126 quendam
1270 1045 1417 1126 apud
1451 1044 1501 1101 se
1519 1059 1704 1102 tenere
1726 1042 1877 1116 dicit,
1917 1044 2013 1125 qui

576 1154 608 1188 a
641 1132 867 1203 Pacoro,
916 1130 1150 1188 Parthiae
1196 1151 1322 1210 rege
1359 1127 1672 1210 aufugisset,
1717 1128 2013 1208 secumque

492 1220 529 1247 ‘⁶
575 1237 852 1296 gemmam
881 1213 1161 1286 attulisset,
1207 1236 1334 1294 quae
1372 1212 1562 1270 Pacori
1599 1211 1912 1292 imaginem,
1958 1228 2013 1270 et

493 1303 531 1332 “
577 1299 778 1379 quibus
824 1297 1121 1379 infignibus
1164 1313 1394 1356 ornatus
1445 1296 1642 1369 fuiffet,
1687 1296 2013 1377 insculptam

491 1388 531 1415 “
578 1384 840 1441 habebat:
891 1404 1166 1463 gemmam
1213 1396 1402 1440 autem
1446 1380 1632 1459 ipsam,
1678 1396 1775 1439 aut
1815 1380 1871 1437 vi
1916 1397 2015 1439 aut

493 1472 530 1499 ‘⁶
576 1468 729 1525 furto
758 1489 789 1525 a
832 1467 1067 1524 Servulo
1111 1467 1370 1539 ablatam,
1416 1463 1623 1522 Plinius
1657 1464 1708 1522 se
1740 1463 2015 1545 requirere

495 1556 532 1583 ‘⁶
577 1551 671 1624 ait,
716 1568 783 1609 ut
813 1573 933 1608 eam
966 1551 1034 1607 ad
1057 1550 1368 1625 Trajanum
1397 1548 1637 1607 mitteret
1653 1549 1730 1607 ².''
1816 1552 2016 1630 Itaque

493 1656 771 1716 gemmam
806 1636 1066 1708 nostram,
1112 1657 1225 1692 non
1277 1650 1391 1692 tam
1434 1637 1507 1691 ob
1565 1633 1861 1714 sculpturae
1891 1635 2016 1715 pul-

495 1720 879 1780 chritudinem,
925 1741 1033 1799 qua
1078 1719 1182 1776 sese
1211 1734 1395 1776 tamen
1428 1716 1588 1776 facile
1631 1720 2018 1777 commendare

496 1803 686 1883 poffet,
718 1826 884 1883 quam
915 1806 986 1861 ob
1018 1802 1091 1860 rei
1124 1802 1286 1884 ipsius
1317 1802 1613 1874 raritatem,
1643 1802 2016 1861 aestimabilem

498 1886 618 1948 effe,
663 1888 908 1945 constat:
957 1887 1160 1968 quippe
1192 1909 1360 1967 quam
1385 1889 1587 1944 Romae
1611 1887 1743 1943 olim
1762 1887 1843 1944 uti
1867 1887 2018 1944 vide-

497 1994 638 2044 mUS,
687 1971 1039 2029 Proconsules
1089 1971 1181 2051 ips1
1231 1970 1492 2050 poffidere
1542 1969 1846 2050 cupiissent,
1901 1971 2018 2052 dig-

498 2078 755 2136 namque,
815 2078 941 2136 quae
993 2058 1064 2112 ad
1114 2055 1498 2135 imperatorem
1535 2054 1748 2112 muneri
1777 2054 2021 2114 mittere-

500 2155 612 2213 tur,
658 2139 1059 2199 existimassent.

564 2259 575 2274 ¹
608 2249 693 2288 Vid.
720 2249 895 2303 Xenoph.
929 2249 975 2287 de
993 2249 1082 2301 Cyri
1099 2249 1259 2290 Institut.
1278 2263 1313 2302 p.
1352 2264 1415 2303 19.
1441 2249 1543 2289 Edit.
1568 2251 1694 2289 Oxon.
1718 2260 1754 2289 et
1772 2249 1958 2291 Plutarch.
1983 2252 2020 2290 in

498 2310 585 2349 Vita
607 2311 734 2352 Craffi.
753 2326 788 2365 p.
816 2326 914 2367 537.
939 2312 982 2350 F.

946 2374 963 2420 ζ
996 2371 1113 2425 Epist.
1135 2371 1161 2413 l.
1188 2386 1225 2413 x.
1252 2386 1310 2426 ep.
1337 2372 1519 2415 16.Edit.
1544 2372 1666 2412 Elsev.

1674 2499 2020 2558 SECT.

492 1136 530 1162 (ί
