2425 3152
518 269 635 308 100
937 244 1450 303 TABULA
1540 247 1674 303 VII.

598 353 706 410 Sed
736 351 1008 443 permulta
1038 348 1163 407 sane
1194 349 1433 425 ejusdem
1469 349 1685 430 generis
1725 349 1962 417 vascula,
2011 373 2040 409 e

512 439 657 497 vitro
687 435 886 518 pariter
939 433 1199 507 conflata,
1268 451 1434 513 atque
1479 456 1550 492 ex
1596 435 2043 493 Christianomm

515 539 771 581 Veterum
802 519 1097 601 sepulchris
1126 535 1303 592 eruta,
1345 541 1399 576 m
1445 520 1625 576 lucem
1673 519 1840 577 edidit
1871 521 2042 577 Arin-

515 609 699 690 ghus;
747 628 890 686 quae,
937 625 1070 683 quia
1114 605 1281 661 rubro
1319 602 1558 676 fortasse,
1602 603 1695 660 seu
1742 604 2044 684 sanguineo

517 694 705 750 colore
737 687 915 748 tine&
941 688 1306 768 reperiuntur,
1353 689 1680 765 Martyrum
1702 687 1771 745 ibi
1802 688 1936 745 olim
1967 689 2043 745 se-

518 778 807 857 pultorum
851 771 1050 830 indicia
1080 793 1200 846 jam
1251 793 1283 828 3
1335 771 1560 852 Papistis
1613 771 1897 830 certiffima
1941 772 2045 830 effe

518 861 873 919 creduntur.
964 859 1050 913 At
1078 877 1212 912 vero
1240 855 1554 930 hujusmodi
1588 877 1812 935 quoqu-e
1835 857 2043 929 omnia,

517 941 821 1025 unguentis
850 938 1224 1019 odoribusque
1267 938 1571 996 condendis
1621 939 1890 996 destinata
1919 940 2044 1013 effe,

519 1028 674 1086 haud
703 1026 936 1084 dubium
966 1023 1046 1080 est
1071 1048 1084 1081 :
1131 1043 1294 1103 quem
1324 1021 1547 1103 quidem
1591 1043 1802 1081 morem
1823 1044 1856 1080 3
1887 1024 2044 1081 Gen-

520 1112 712 1171 tilibus
745 1110 817 1168 ad
870 1106 1226 1168 Christianos,
1295 1107 1385 1164 vel
1441 1105 1624 1187 priscis
1674 1106 1784 1164 istis
1834 1107 2045 1182 sternis,

520 1194 848 1255 traduelum
896 1191 1000 1251 effe
1033 1190 1412 1273 cognovimus.
1470 1189 1860 1249 Tertullianus
1877 1192 2045 1265 enim,

521 1284 647 1364 plus
676 1279 1167 1338 odoramentorum
1190 1297 1223 1333 3
1255 1274 1577 1333 Christianis
1607 1275 1868 1355 profundi
1914 1276 2051 1334 sole-

521 1388 580 1424 re
610 1363 877 1446 queritur,
923 1383 1090 1443 quam
1113 1361 1183 1419 ab
1226 1359 1476 1418 Ethnicis
1515 1358 1652 1440 ipsis,
1744 1365 1782 1393 ‘⁶
1826 1360 2046 1422 Thura,

522 1457 563 1485 ‘⁶
608 1448 805 1530 inquit,
847 1448 1012 1529 plane
1052 1467 1170 1504 non
1215 1443 1463 1503 emimus,
1554 1443 1611 1501 Si
1641 1444 1867 1502 Arabiae
1912 1466 2048 1525 que-

523 1541 563 1569 “
608 1549 822 1607 rantur,
867 1531 1051 1592 sciant,
1096 1529 1268 1612 pluris
1314 1544 1370 1588 et
1398 1527 1619 1586 carioris
1673 1550 1880 1587 merces
1928 1529 2050 1588 suas

525 1625 566 1654 “
613 1580 934 1678 Christianis
981 1614 1300 1696 sepeliendis
1344 1612 1645 1695 profligari⁴
1705 1635 1879 1695 quam
1926 1614 2049 1672 Diis

526 1709 565 1739 “
608 1701 947 1785 fumigandis
965 1708 1002 1759 ².
1010 1699 1045 1725 ’²
1134 1701 1226 1759 De
1254 1699 1364 1757 hoe
1392 1697 1524 1757 item
1554 1698 1679 1757 ritu>
1696 1698 2047 1772 PrudentiuS‚

908 1831 1035 1891 Nos
1059 1827 1202 1887 tea‘Ja
1228 1827 1534 1906 fovebimus
1552 1826 1659 1907 ff

954 1913 1134 1972 Violis·
1155 1927 1207 1971 et
1238 1913 1450 1990 fronde
1487 1912 1794 1993 frequenti,

960 1996 1302 2077 fl’itulumque
1330 2012 1381 2055 et
1399 1997 1627 2078 frigida
1636 1997 1787 2074 fizxa

956 2083 1191 2164 Liquido
1202 2081 1523 2163 spargemus
1551 2082 1721 2139 odore.

956 2165 1291 2249 Aspeijfaque
1319 2165 1543 2243 myrrha
1575 2166 1757 2224 Sabaeo

958 2255 1155 2332 Corpus
1194 2252 1538 2309 medicamine
1555 2251 1750 2328 st’rvat
1761 2258 1795 2307 ³.

596 2394 605 2409 ¹
643 2382 801 2436 Aringh.
828 2383 943 2421 Rom.
963 2381 1173 2419 Subterran.
1191 2379 1277 2419 Vol.
1308 2393 1342 2420 1.
1367 2393 1404 2433 p.
1428 2382 1531 2434 496,

593 2450 606 2464 ²
644 2446 842 2498 Apologet.
866 2458 898 2483 c,
932 2457 1003 2492 42.

595 2505 607 2549 ,³
641 2505 894 2547 Cathemerin.
920 2506 1068 2556 Hymn.
1086 2517 1123 2542 x,
1148 2517 1183 2543 v.
1213 2518 1308 2559 177.
1328 2501 1368 2542 it.
1388 2516 1423 2544 v.
1451 2515 1521 2556 59ὓ

1865 2559 2054 2619 TA«
