2425 3152
556 274 671 330 140
970 252 1440 311 TABULA
1513 254 1622 313 XI.

549 357 696 414 mina
746 371 801 413 et
850 356 1025 413 morbi
1070 372 1125 414 et
1168 355 1467 414 curationis
1519 357 1676 429 ratiO,
1736 355 1792 413 in
1823 354 2063 414 Tabulis

550 439 868 498 marmoreis
898 462 930 497 a
952 440 1317 498 sacerdotibus
1340 440 1602 521 descripta
1623 457 1786 520 atque
1810 439 1865 497 in
1887 440 2066 498 Tem-

551 524 654 604 plis
683 524 796 598 ejus
827 523 1073 604 suspensa
1099 542 1276 582 erant:
1325 547 1559 604 quarum
1603 524 1822 604 quidem
1852 526 2066 582 tabula-

551 630 677 665 rum
706 607 1078 687 fragmentum
1102 608 1378 688 quoddam
1410 608 1780 680 memorabile,
1827 608 1881 664 in
1912 609 2066 666 Insu-

553 693 605 748 la
656 690 765 770 ipsa
794 691 1082 769 Tyberina
1111 707 1403 772 repertum,
1452 693 1728 749 Gruterus
1753 691 1958 764 edidit,
2009 691 2065 748 in

552 797 666 854 quo
695 773 851 832 caecis
881 775 1118 848 duobUS,
1150 775 1433 834 curatione
1458 776 1695 855 quadam
1718 798 1750 833 a
1778 777 1905 832 Deo
1929 797 2067 855 prae-

553 858 767 938 scripta,
812 859 981 934 visum
1011 861 1276 916 redditum
1305 859 1418 938 effe,
1453 859 1642 939 populo
1663 860 1981 940 isgspebJante
2002 880 2067 916 ac

546 941 881 1022 gratulante,
931 940 1306 1022 fignificatur¹.
1395 944 1537 998 Haec
1581 957 1767 999 autem
1810 943 2066 1015 remedia,

554 1026 610 1082 in
645 1025 887 1104 Templo
924 1024 1053 1098 Dei,
1114 1023 1434 1105 conspe<9mi
1483 1025 1732 1083 omnium
1782 1025 2067 1105 propofita‚

555 1108 924 1188 Hippocrates
954 1108 1081 1188 ipse,
1131 1125 1196 1167 ut
1227 1109 1435 1168 Plinius
1478 1107 1573 1181 ait,
1619 1108 1924 1190 exscrtpfiffi
1951 1125 2072 1167 tra-

557 1195 726 1265 ditur,
771 1208 823 1250 et
873 1190 1083 1275 Templo
1115 1195 1242 1269 jam
1270 1207 1514 1263 cremam,
1555 1192 1823 1274 instituiſj}
1859 1195 2073 1251 merbii-

560 1299 685 1333 nam
716 1297 844 1336 eam,
891 1299 1006 1356 quse
1039 1278 1238 1335 Clinice
1265 1291 1484 1336 vocatur
1501 1284 1535 1334 2.

645 1362 710 1417 In
762 1361 904 1417 hanc
950 1359 1118 1441 igitur
1145 1360 1449 1441 AEsculapii
1500 1360 1764 1434 Insulam,
1826 1360 2072 1419 Romani

560 1443 830 1524 mancipia
860 1443 955 1501 sua
985 1466 1152 1523 aegra,
1197 1445 1504 1525 morbisque
1543 1443 1747 1502 affecta
1774 1465 2071 1524 exponere,

560 1545 726 1608 atque
766 1526 918 1585 omni
949 1527 1055 1586 alia
1093 1551 1198 1610 ope
1231 1529 1508 1602 destituta,
1556 1528 1666 1586 Dei
1703 1530 1894 1587 tutelae
1923 1551 2074 1587 com-

562 1611 776 1669 mittere
806 1611 1238 1684 consueverunt3
1307 1614 1485 1671 donec
1525 1612 1792 1671 Claudius
1831 1615 2075 1692 Impera-

563 1713 662 1756 tor,
709 1718 821 1774 quo
844 1712 958 1753 tarn
1010 1696 1304 1755 immanem
1347 1697 1699 1755 dominorum
1738 1718 1867 1777 erga
1895 1697 2075 1755 servos

564 1779 946 1837 crudelitatem
974 1780 1271 1854 cohiberet,
1317 1779 1501 1839 ethelo
1539 1781 1734 1853 sanxit,
1782 1787 1818 1813 “
1862 1796 1929 1839 ut
1957 1803 2082 1839 om-

556 1869 603 1896 '“
650 1885 743 1920 nes
773 1885 867 1943 qui
891 1880 1321 1943 exponerentur
1367 1865 1519 1922 liberi
1561 1827 1744 1938 effent,
1805 1886 1906 1921 nec
1936 1865 2076 1922 redi-

569 1954 606 1980 “
652 1963 774 2004 rent
805 1969 857 2004 1n
899 1947 1159 2005 ditionem
1191 1948 1414 2009 domini,
1453 1948 1489 2006 fi
1542 1947 1964 2006 convaluissent:
2019 1965 2077 2007 et

570 2037 607 2064 “
652 2030 813 2110 siquis
844 2052 1036 2088 necare
1059 2054 1226 2111 quem
1269 2033 1475 2104 mallet,
1520 2054 1687 2113 quam
1709 2053 2004 2113 exponere,
2035 2032 2085 2091 is,

571 2122 608 2148 “
654 2115 815 2172 caedis
848 2114 1070 2173 crimine
1100 2116 1465 2175 teneretur³.’'

636 2242 645 2256 ³
680 2232 828 2270 Gruter.
846 2245 881 2283 p.
906 2246 976 2284 71.
1043 2233 1103 2271 Ex
1126 2231 1197 2271 hac
1214 2234 1377 2281 Tabula,
1410 2243 1452 2272 ut
1474 2233 1783 2272 Montfauconius
1803 2233 1864 2282 ast,
1901 2234 1958 2273 vel
1989 2235 2083 2273 Dae-

572 2306 729 2332 monum
753 2293 790 2330 in
825 2293 962 2330 morbis
983 2293 1187 2345 infligendis
1216 2308 1258 2333 ac
1279 2294 1454 2347 pellendis
1486 2295 1722 2347 potestatem,
1754 2294 1813 2333 vel
1839 2295 2083 2333 sacerdotum

571 2354 782 2392 Gentilium
803 2353 948 2390 fraudes
969 2367 1011 2391 ac
1040 2355 1232 2408 praestigias
1266 2357 1437 2410 colligere
1459 2357 1559 2395 licet.
1623 2356 1710 2393 Vid.
1736 2355 1892 2406 Antiqu.
1926 2354 2013 2395 Vol.
2038 2369 2084 2395 2

571 2428 646 2468 par.
679 2429 712 2452 1.
738 2414 760 2453 l.
785 2428 823 2463 4.
842 2427 874 2452 e.
896 2416 933 2453 6.

631 2478 648 2523 ξ
682 2473 780 2514 Hist,
798 2474 850 2514 N.
869 2474 893 2513 l.
916 2488 985 2529 29.
1005 2488 1038 2515 c,
1067 2490 1099 2515 ιὓ
1524 2484 1537 2508 ³
1571 2477 1718 2516 Sueton.
1740 2475 1777 2514 in
1799 2475 1932 2516 Claud.
1955 2489 1988 2515 c.
2011 2490 2086 2529 25

1970 2540 2084 2594 At-²
