2425 3152
682 237 1200 298 TABULA
1286 240 1395 297 III.
1742 263 1814 386 55

310 350 478 413 Bulla
504 363 630 408 ante
658 349 845 431 peffus
877 350 1236 420 annec‘l‘erent,
1290 369 1453 429 quam
1489 347 1757 428 inspicio&
1670 385 1825 405 „„„„„„

307 453 389 495 tta
416 436 624 492 demum
642 433 709 509 se
736 432 965 490 hommes
995 435 1303 513 cogitarent,
1356 437 1407 507 β
1431 430 1581 488 corde
1606 446 1682 512 pr
1684 430 1828 511 aesta-

307 527 470 579 rent¹.
559 520 649 574 Ex
679 538 792 598 quo
822 516 1047 597 quidem
1077 515 1353 573 Macrobii
1395 517 1539 588 loco,
1587 515 1766 572 erudit
1769 536 1829 570 o-

309 627 435 662 rum
479 601 744 683 plerique,
798 600 1013 682 quoties
1044 623 1098 658 1n
1130 600 1335 687 scriptis
1367 615 1618 657 veterum
1655 598 1829 677 expli-

309 687 536 747 candis
524 709 580 744 m
614 684 796 743 Bullae
840 685 1180 743 mentionem
1220 684 1520 745 inciderint
1566 682 1712 742 cord
1720 681 1831 739 {for-

309 794 459 831 mem
481 793 606 829 eam
628 769 732 828 effe
755 769 1083 828 declarant&
1161 770 1401 850 Sponius
1424 783 1630 840 autem,
1681 769 1832 824 Cau-

309 856 575 936 saeusque,
622 853 717 934 qui
736 877 924 913 veram
943 856 1123 913 Bullae
1154 875 1334 912 aureae
1364 855 1598 911 formam
1617 874 1689 909 ex
1714 873 1834 908 mo-

311 939 590 999 numentis
621 939 916 1019 statuisque
945 938 1187 1019 antiquis
1210 937 1521 996 accuratius
1539 936 1833 1016 investiga-

314 1041 451 1086 rant‚
518 1023 798 1081 Macrobii
829 1045 1066 1082 errorem
1105 1037 1442 1103 coarguunt,
1504 1022 1835 1100 Bullamque

313 1130 559 1180 auream,
611 1128 793 1186 neque
827 1105 1214 1165 cordiformem
1259 1127 1440 1187 neque
1489 1107 1607 1164 ulla
1658 1104 1837 1162 cordis

313 1192 494 1274 figura
538 1190 885 1272 insculptam,
948 1191 1038 1249 sed
1077 1190 1378 1249 rotundam
1416 1191 1608 1285 plane,
1669 1205 1837 1269 atque

314 1277 444 1335 huic
482 1276 682 1334 nostrae
722 1275 1051 1334 simillimam
1074 1297 1374 1356 paremque
1408 1275 1645 1333 omnino
1681 1273 1838 1333 fuiffe

315 1361 661 1420 ostendunt³.

401 1445 730 1504 Macrobius
751 1443 935 1526 igitur,
978 1444 1075 1524 qui
1106 1443 1345 1502 Honorii
1375 1444 1716 1525 temporibus
1739 1444 1840 1502 flo-

318 1529 449 1603 ruit,
502 1530 559 1586 in
597 1529 799 1609 quibus
836 1530 1017 1587 Bullae
1055 1551 1238 1587 aureae
1275 1551 1394 1587 mos
1432 1528 1487 1586 in
1526 1529 1840 1588 desuetudi-

318 1637 447 1673 nem
486 1613 710 1672 forfitan
748 1613 977 1686 abiiffet,
1034 1615 1178 1671 hanc
1212 1614 1502 1671 Bullarum
1529 1676 1533 1679 ,
1556 1614 1841 1672 Cordifor-

318 1698 495 1757 mium
529 1698 815 1756 notionem
846 1719 919 1754 ex
951 1697 1393 1756 Christianorum
1425 1698 1528 1755 usu
1558 1698 1841 1780 arripuisse

317 1783 567 1857 videtur3
602 1782 805 1863 quibus
828 1781 1006 1840 cordis
1030 1782 1223 1863 figura,
1258 1797 1324 1839 ut
1346 1781 1636 1864 Aringhus
1660 1784 1839 1857 docet,

319 1884 590 1947 tanquam
607 1866 807 1926 amoris
827 1866 1157 1925 innocentiae
1169 1883 1336 1947 atque
1355 1867 1680 1948 integritatis
1699 1867 1842 1947 sym-

321 1954 536 2024 bolum,
582 1973 789 2030 magno
822 1951 876 2008 in
910 1952 1120 2009 honore
1155 1950 1280 2023 fuit,
1327 1973 1632 2030 eorumque
1662 1951 1842 2031 sepul-

323 2036 467 2093 chris
506 2036 781 2116 saepiffime
826 2035 1114 2116 insculpta,
1168 2052 1335 2115 atque
1370 2035 1424 2092 in
1458 2037 1638 2092 Bullae
1676 2035 1841 2093 etiam

325 2119 488 2200 ipfius
518 2121 704 2177 locum
734 2119 1069 2177 substituta4.
1162 2123 1245 2176 At
1267 2141 1398 2176 vero
1425 2119 1672 2177 Casalius
1696 2142 1842 2178 mar-

389 2226 400 2241 ¹
435 2221 580 2259 Saturn.
604 2218 629 2259 l.
655 2233 688 2258 1.
710 2232 742 2258 e.
762 2221 800 2259 6.

387 2287 402 2302 ²
433 2279 580 2320 Thom.
607 2279 818 2332 Dempster.
841 2280 967 2318 Etrur.
993 2279 1123 2330 Regal.
1156 2292 1190 2330 p.
1218 2293 1316 2332 303.
1350 2278 1510 2331 Aringh.
1534 2280 1650 2321 Rom.
1679 2281 1841 2320 Subterr.

326 2340 412 2382 Vol.
439 2356 477 2382 2.
511 2341 535 2382 l.
563 2343 601 2380 6.
627 2342 727 2394 690.
761 2340 798 2379 it.
823 2340 917 2381 Pier.
940 2341 1124 2379 Valeriam.
1150 2339 1399 2392 Hieroglyph.
1423 2353 1458 2391 p.
1485 2354 1583 2392 242.

388 2409 401 2434 3
436 2404 546 2456 Spon.
563 2401 724 2442 Miscell.
749 2402 863 2442 Erud.
881 2401 1012 2455 Antiq.
1032 2415 1068 2454 p.
1090 2414 1188 2455 299.
1225 2402 1399 2441 Causeus.
1420 2402 1522 2441 Mus.
1548 2403 1663 2442 Rom.
1687 2416 1723 2455 p.
1747 2417 1841 2456 103.

387 2465 405 2487 ⁴
437 2462 598 2517 Aringh.
619 2462 707 2504 ibid.
737 2466 838 2517 694.

1096 2523 1142 2577 E
1176 2543 1207 2577 2
1604 2544 1782 2580 morea
1791 2545 1843 2580 m
