2425 3152
449 176 486 233 6
891 169 1412 230 TABULA
1485 174 1527 230 I.

445 292 585 335 catae
618 288 917 358 apparent:
966 276 1051 333 Eo
1096 274 1357 334 nimirum
1403 274 1622 349 habim,
1669 298 1783 357 quo
1812 292 1970 335 extra

448 364 644 420 urbem
687 359 905 418 invillis
929 359 1036 417 suis
1055 359 1655 418 otiariconsuewerunt
1745 365 1969 420 Horum

447 445 604 504 alteri
635 445 805 525 Toga
847 442 953 500 five
984 446 1237 502 Lacerna
1271 446 1529 518 caerulea,
1587 444 1743 503 alteri
1783 448 1968 519 rubra,

449 530 656 588 tunicae
686 550 818 586 vero
836 528 1079 608 utrisque
1098 550 1307 587 croceae
1325 529 1544 586 dantur.
1633 529 1857 588 Etenim
1878 552 1969 588 ruu

450 614 493 672 ri
541 615 747 694 semper
793 613 906 670 fere
931 613 1207 671 lacernam
1229 613 1570 687 induebant3
1619 615 1827 672 vestem
1875 614 1972 672 sci-

452 699 578 756 licet
628 713 887 778 apertam,
933 712 1103 778 atque
1131 699 1366 756 humero
1388 713 1610 756 tantum
1627 714 1728 757 aut
1746 697 1972 779 pectore

451 783 625 840 fibula
656 804 885 840 nexam.
949 805 1077 862 quae
1111 805 1238 840 cum
1271 783 1442 864 Toga
1493 782 1850 856 contractior,
1898 784 1973 841 le—

452 867 704 946 xiorque,
749 882 806 923 et
856 867 1081 924 cucullo
1120 868 1450 958 plerumque
1488 882 1681 924 contra
1720 867 1972 947 pluviam

452 951 669 1010 munita
700 949 871 1023 effet,¹
900 949 955 1006 in
985 950 1172 1030 Togae
1202 950 1422 1031 penitus
1446 949 1645 1022 vicem,
1668 966 1785 1008 tam
1824 950 1970 1008 intra

452 1058 624 1116 quam
641 1046 799 1092 extra
827 1036 1040 1105 urbem,
1072 1036 1354 1092 Caesarum
1371 1034 1597 1091 demum
1615 1034 1972 1115 temporibus,

452 1117 647 1178 ceffiffe
676 1118 930 1176 traditur.
1020 1119 1251 1176 Colores
1281 1118 1330 1176 ei
1376 1117 1603 1198 quidem
1636 1118 1837 1192 varios,
1884 1118 1975 1176 sed

452 1203 705 1262 omnium
737 1202 980 1261 maxime
1010 1204 1261 1277 rubrum,
1308 1225 1339 1262 a
1386 1202 1757 1284 Scriptoribus
1801 1202 1976 1262 tribu-

453 1293 656 1347 butum
699 1287 1033 1362 invenimus,

622 1414 796 1496 Phas
772 1438 816 1473 5
832 1417 1123 1498 purpureis
1151 1417 1316 1475 ruber
1347 1415 1616 1475 lacernis.

455 1501 729 1584 Crgll'oinas
756 1497 951 1582 Urias
980 1499 1196 1559 humero
1216 1516 1492 1560 revocante
1518 1502 1780 1561 lacernas.
1786 1508 1808 1542 ³

541 1629 650 1685 Sed
679 1628 748 1686 de
797 1627 1128 1709 Figuratum
1169 1628 1526 1709 descriptione
1549 1627 1858 1703 ha&enus3
1907 1630 1979 1687 ad

456 1734 647 1772 earum
683 1713 800 1788 jam
844 1712 1352 1794 interpretationem
1399 1714 1852 1795 progrediamur.
1921 1713 1977 1771 in

520 1854 783 1906 ³—Turpis‚
806 1853 1005 1893 odoratum
1021 1863 1133 1908 caput
1154 1854 1372 1893 obscurante
1387 1854 1544 1894 lacerna.
1608 1856 1704 1895 Hor.
1724 1855 1763 1895 S.
1783 1868 1821 1894 2.
1843 1870 1880 1911 7.
1910 1869 1931 1909 5
1941 1868 1978 1909 5.

575 1915 611 1953 Si
632 1914 773 1967 possem
809 1925 902 1954 totas
923 1929 1099 1969 cuperem
1117 1915 1248 1954 mififfe
1265 1916 1440 1965 lacernas,

638 1977 680 2014 N
684 1989 757 2015 unc
785 1986 933 2016 tantum
955 1978 1064 2030 capiti
1087 1991 1243 2016 munera
1259 1978 1372 2016 mitto
1389 1987 1467 2017 tuo.
1533 1978 1659 2019 Mart.
1683 1978 1755 2030 Ep.
1786 1992 1851 2029 14.
1883 1991 1896 2017 1
1910 1991 1980 2031 32.

458 2039 519 2077 Ex
536 2051 612 2090 quo
633 2037 819 2076 Martialis
841 2037 924 2077 loco
938 2038 1168 2078 lacernarum
1191 2038 1355 2077 cucullos
1372 2053 1392 2077 a
1416 2039 1568 2078 lacernis
1588 2039 1669 2092 ipfis
1692 2039 1845 2093 separari
1866 2038 1981 2077 inter-

454 2099 551 2137 dum
567 2098 691 2148 solere,
706 2100 882 2138 octavius
901 2100 1086 2140 Ferrarius
1103 2100 1272 2140 ostendit.
1288 2100 1347 2139 De
1364 2114 1402 2139 re
1420 2100 1575 2141 Vestiar.
1594 2101 1675 2141 Par.
1698 2115 1734 2141 2.
1757 2102 1782 2140 1.
1808 2116 1841 2141 1.
1857 2114 1889 2139 c.
1913 2113 1980 2139 20.

521 2171 535 2187 2
567 2161 685 2200 Mart.
711 2161 820 2213 Epig.
842 2175 881 2215 5.
913 2161 951 2201 8.

521 2234 533 2258 3
569 2223 658 2273 Juv.
696 2222 769 2262 Sat.
809 2238 841 2262 1.
865 2236 933 2277 27.
997 2223 1102 2262 Hinc
1137 2222 1396 2276 posterioribus
1437 2223 1565 2262 seculis
1587 2224 1765 2272 Lacerna,
1807 2237 1828 2262 a
1870 2222 1984 2260 rubro

459 2282 595 2329 colore,
636 2282 800 2335 Byrrhus
828 2284 1001 2336 appellari
1033 2285 1156 2337 coepit.
1223 2283 1402 2335 Byrrhus,
1443 2285 1564 2338 inquit
1594 2284 1758 2336 Ifidorus,
1799 2297 1822 2321 a
1850 2283 1983 2320 Gra-co

457 2341 669 2381 vocabulum
710 2343 844 2383 trahit.
909 2344 974 2381 Illi
1009 2345 1101 2382 enim
1143 2359 1218 2383 eum
1261 2347 1441 2393 Burrum,
1491 2345 1534 2384 id
1570 2344 1628 2397 est,
1673 2339 1801 2400 πυξρὲν
1834 2350 1982 2392 vocant,

458 2405 483 2444 l.
518 2419 581 2457 19.
614 2417 647 2443 e.
670 2417 737 2455 24.
804 2404 892 2444 Vid.
918 2407 1051 2447 Octav.
1091 2407 1193 2445 Fert.
1227 2406 1277 2447 ib.
1311 2419 1343 2446 e.
1371 2411 1447 2447 ⁷26.

1874 2484 1985 2544 qUfl.
