<?xml version="1.0" encoding="UTF-8"?>
<!DOCTYPE html PUBLIC "-//W3C//DTD XHTML 1.0 Transitional//EN"
    "http://www.w3.org/TR/xhtml1/DTD/xhtml1-transitional.dtd">
<html xmlns="http://www.w3.org/1999/xhtml" xml:lang="en" lang="en">
 <head>
  <title>
</title>
<meta http-equiv="Content-Type" content="text/html;charset=utf-8" />
  <meta name='ocr-system' content='tesseract 3.04.00' />
  <meta name='ocr-capabilities' content='ocr_page ocr_carea ocr_par ocr_line ocrx_word'/>
</head>
<body>
  <div class='ocr_page' id='page_1' title='image "./germanaquaedaman00midd_0065.png"; bbox 0 0 2425 3152; ppageno 0'>
   <div class='ocr_carea' id='block_1_1' title="bbox 756 189 1833 272">
    <p class='ocr_par' dir='ltr' id='par_1_1' title="bbox 756 189 1833 272">
     <span class='ocr_line' id='line_1_1' title="bbox 756 189 1833 272; baseline -0.002 -22"><span class='ocrx_word' id='word_1_1' title='bbox 756 189 1448 250; x_wconf 70' lang='lat' dir='ltr'><strong>TABULAln</strong></span> <span class='ocrx_word' id='word_1_2' title='bbox 1756 214 1833 272; x_wconf 40' lang='lat' dir='ltr'>Q</span> 
     </span>
    </p>
   </div>
   <div class='ocr_carea' id='block_1_2' title="bbox 325 295 1891 1804">
    <p class='ocr_par' dir='ltr' id='par_1_2' title="bbox 325 295 1891 1636">
     <span class='ocr_line' id='line_1_2' title="bbox 327 295 1838 377; baseline -0.002 -21"><span class='ocrx_word' id='word_1_3' title='bbox 327 297 594 377; x_wconf 80' lang='lat' dir='ltr'>nusquam</span> <span class='ocrx_word' id='word_1_4' title='bbox 618 310 881 375; x_wconf 73' lang='lat' dir='ltr'><strong>apparet,</strong></span> <span class='ocrx_word' id='word_1_5' title='bbox 923 317 1051 375; x_wconf 77' lang='lat' dir='ltr'><strong>quae</strong></span> <span class='ocrx_word' id='word_1_6' title='bbox 1081 317 1210 352; x_wconf 91' lang='lat' dir='ltr'><strong>cum</strong></span> <span class='ocrx_word' id='word_1_7' title='bbox 1240 295 1400 374; x_wconf 90' lang='lat' dir='ltr'><strong>supra</strong></span> <span class='ocrx_word' id='word_1_8' title='bbox 1429 310 1618 374; x_wconf 78' lang='lat' dir='ltr'><strong>togam</strong></span> <span class='ocrx_word' id='word_1_9' title='bbox 1636 296 1703 352; x_wconf 90' lang='lat' dir='ltr'><strong>de</strong></span> <span class='ocrx_word' id='word_1_10' title='bbox 1726 298 1838 353; x_wconf 88' lang='lat' dir='ltr'><strong>col-</strong></span> 
     </span>
     <span class='ocr_line' id='line_1_3' title="bbox 327 378 1840 460; baseline -0.002 -21"><span class='ocrx_word' id='word_1_11' title='bbox 327 383 382 439; x_wconf 93' lang='lat' dir='ltr'><strong>lo</strong></span> <span class='ocrx_word' id='word_1_12' title='bbox 407 380 712 460; x_wconf 82' lang='lat' dir='ltr'><strong>dependere</strong></span> <span class='ocrx_word' id='word_1_13' title='bbox 741 378 954 451; x_wconf 90' lang='lat' dir='ltr'><strong>soleret,</strong></span> <span class='ocrx_word' id='word_1_14' title='bbox 1000 401 1101 436; x_wconf 86' lang='lat' dir='ltr'><strong>nec</strong></span> <span class='ocrx_word' id='word_1_15' title='bbox 1132 378 1311 436; x_wconf 89' lang='lat' dir='ltr'><strong>omitti</strong></span> <span class='ocrx_word' id='word_1_16' title='bbox 1336 401 1436 435; x_wconf 89' lang='lat' dir='ltr'><strong>nec</strong></span> <span class='ocrx_word' id='word_1_17' title='bbox 1466 379 1718 437; x_wconf 83' lang='lat' dir='ltr'>abscondi</span> <span class='ocrx_word' id='word_1_18' title='bbox 1741 401 1840 458; x_wconf 89' lang='lat' dir='ltr'><strong>po-</strong></span> 
     </span>
     <span class='ocr_line' id='line_1_4' title="bbox 325 461 1841 543; baseline -0.001 -22"><span class='ocrx_word' id='word_1_19' title='bbox 325 479 484 535; x_wconf 80' lang='lat' dir='ltr'><strong>terat,</strong></span> <span class='ocrx_word' id='word_1_20' title='bbox 532 461 566 518; x_wconf 84' lang='lat' dir='ltr'>fi</span> <span class='ocrx_word' id='word_1_21' title='bbox 586 463 657 520; x_wconf 86' lang='lat' dir='ltr'><strong>ad</strong></span> <span class='ocrx_word' id='word_1_22' title='bbox 677 461 1177 543; x_wconf 88' lang='lat' dir='ltr'><strong>Triumphantium</strong></span> <span class='ocrx_word' id='word_1_23' title='bbox 1199 463 1426 519; x_wconf 89' lang='lat' dir='ltr'><strong>omnino</strong></span> <span class='ocrx_word' id='word_1_24' title='bbox 1444 478 1701 542; x_wconf 89' lang='lat' dir='ltr'><strong>ornatum</strong></span> <span class='ocrx_word' id='word_1_25' title='bbox 1720 484 1841 542; x_wconf 91' lang='lat' dir='ltr'><strong>per-</strong></span> 
     </span>
     <span class='ocr_line' id='line_1_5' title="bbox 326 546 1841 626; baseline -0.002 -21"><span class='ocrx_word' id='word_1_26' title='bbox 326 546 600 607; x_wconf 81' lang='lat' dir='ltr'><strong>tinuiffet¹.</strong></span> <span class='ocrx_word' id='word_1_27' title='bbox 690 548 775 604; x_wconf 86' lang='lat' dir='ltr'><strong>At</strong></span> <span class='ocrx_word' id='word_1_28' title='bbox 805 568 937 604; x_wconf 84' lang='lat' dir='ltr'><strong>vero</strong></span> <span class='ocrx_word' id='word_1_29' title='bbox 983 548 1162 605; x_wconf 79' lang='lat' dir='ltr'><strong>bullas</strong></span> <span class='ocrx_word' id='word_1_30' title='bbox 1208 546 1330 603; x_wconf 82' lang='lat' dir='ltr'><strong>istas</strong></span> <span class='ocrx_word' id='word_1_31' title='bbox 1367 547 1620 626; x_wconf 83' lang='lat' dir='ltr'><strong>puerileS,</strong></span> <span class='ocrx_word' id='word_1_32' title='bbox 1666 546 1841 604; x_wconf 80' lang='lat' dir='ltr'><strong>maxi-</strong></span> 
     </span>
     <span class='ocr_line' id='line_1_6' title="bbox 327 629 1842 711; baseline -0.001 -22"><span class='ocrx_word' id='word_1_33' title='bbox 327 653 420 689; x_wconf 92' lang='lat' dir='ltr'><strong>mo</strong></span> <span class='ocrx_word' id='word_1_34' title='bbox 448 630 657 711; x_wconf 87' lang='lat' dir='ltr'><strong>semper</strong></span> <span class='ocrx_word' id='word_1_35' title='bbox 685 630 835 710; x_wconf 89' lang='lat' dir='ltr'><strong>apud</strong></span> <span class='ocrx_word' id='word_1_36' title='bbox 867 632 1155 688; x_wconf 84' lang='lat' dir='ltr'><strong>Romanos</strong></span> <span class='ocrx_word' id='word_1_37' title='bbox 1188 630 1242 687; x_wconf 91' lang='lat' dir='ltr'><strong>in</strong></span> <span class='ocrx_word' id='word_1_38' title='bbox 1282 632 1492 688; x_wconf 83' lang='lat' dir='ltr'><strong>honore</strong></span> <span class='ocrx_word' id='word_1_39' title='bbox 1524 629 1699 702; x_wconf 78' lang='lat' dir='ltr'><strong>fuisse,</strong></span> <span class='ocrx_word' id='word_1_40' title='bbox 1752 653 1842 687; x_wconf 84' lang='lat' dir='ltr'><strong>ae-</strong></span> 
     </span>
     <span class='ocr_line' id='line_1_7' title="bbox 327 714 1842 794; baseline -0.001 -23"><span class='ocrx_word' id='word_1_41' title='bbox 327 714 589 794; x_wconf 80' lang='lat' dir='ltr'><strong>cepimUS.</strong></span> <span class='ocrx_word' id='word_1_42' title='bbox 679 715 837 772; x_wconf 90' lang='lat' dir='ltr'><strong>Bello</strong></span> <span class='ocrx_word' id='word_1_43' title='bbox 883 714 1029 772; x_wconf 89' lang='lat' dir='ltr'><strong>enim</strong></span> <span class='ocrx_word' id='word_1_44' title='bbox 1069 715 1299 786; x_wconf 84' lang='lat' dir='ltr'><strong>Punico,</strong></span> <span class='ocrx_word' id='word_1_45' title='bbox 1345 737 1473 772; x_wconf 87' lang='lat' dir='ltr'><strong>cum</strong></span> <span class='ocrx_word' id='word_1_46' title='bbox 1501 714 1711 772; x_wconf 88' lang='lat' dir='ltr'><strong>summa</strong></span> <span class='ocrx_word' id='word_1_47' title='bbox 1750 736 1842 794; x_wconf 90' lang='lat' dir='ltr'><strong>pe-</strong></span> 
     </span>
     <span class='ocr_line' id='line_1_8' title="bbox 327 798 1843 879; baseline -0.001 -23"><span class='ocrx_word' id='word_1_48' title='bbox 327 798 507 856; x_wconf 77' lang='lat' dir='ltr'><strong>cuniae</strong></span> <span class='ocrx_word' id='word_1_49' title='bbox 558 798 743 879; x_wconf 88' lang='lat' dir='ltr'><strong>inopia</strong></span> <span class='ocrx_word' id='word_1_50' title='bbox 786 815 1182 878; x_wconf 85' lang='lat' dir='ltr'><strong>premerentur,</strong></span> <span class='ocrx_word' id='word_1_51' title='bbox 1227 799 1589 879; x_wconf 70' lang='lat' dir='ltr'><strong>aerariumque</strong></span> <span class='ocrx_word' id='word_1_52' title='bbox 1631 799 1843 878; x_wconf 78' lang='lat' dir='ltr'><strong>prorsus</strong></span> 
     </span>
     <span class='ocr_line' id='line_1_9' title="bbox 325 882 1844 962; baseline 0 -23"><span class='ocrx_word' id='word_1_53' title='bbox 325 883 661 941; x_wconf 84' lang='lat' dir='ltr'><strong>exhaustum</strong></span> <span class='ocrx_word' id='word_1_54' title='bbox 713 882 854 944; x_wconf 80' lang='lat' dir='ltr'><strong>effer,</strong></span> <span class='ocrx_word' id='word_1_55' title='bbox 900 885 1137 941; x_wconf 83' lang='lat' dir='ltr'><strong>Senatus</strong></span> <span class='ocrx_word' id='word_1_56' title='bbox 1183 883 1442 954; x_wconf 89' lang='lat' dir='ltr'><strong>decrevit,</strong></span> <span class='ocrx_word' id='word_1_57' title='bbox 1493 888 1530 915; x_wconf 74' lang='lat'><strong>‘⁶</strong></span> <span class='ocrx_word' id='word_1_58' title='bbox 1576 898 1640 939; x_wconf 93' lang='lat' dir='ltr'><strong>ut</strong></span> <span class='ocrx_word' id='word_1_59' title='bbox 1689 882 1844 962; x_wconf 85' lang='lat' dir='ltr'><strong>quic-</strong></span> 
     </span>
     <span class='ocr_line' id='line_1_10' title="bbox 329 966 1844 1048; baseline -0.001 -24"><span class='ocrx_word' id='word_1_60' title='bbox 329 984 358 1005; x_wconf 84' lang='lat'><strong>“</strong></span> <span class='ocrx_word' id='word_1_61' title='bbox 402 966 534 1045; x_wconf 90' lang='lat' dir='ltr'><strong>quid</strong></span> <span class='ocrx_word' id='word_1_62' title='bbox 565 966 685 1025; x_wconf 89' lang='lat' dir='ltr'><strong>auri</strong></span> <span class='ocrx_word' id='word_1_63' title='bbox 715 966 926 1048; x_wconf 79' lang='lat' dir='ltr'><strong>argenti</strong></span> <span class='ocrx_word' id='word_1_64' title='bbox 952 966 1137 1025; x_wconf 78' lang='lat' dir='ltr'><strong>aerisve</strong></span> <span class='ocrx_word' id='word_1_65' title='bbox 1156 966 1347 1047; x_wconf 79' lang='lat' dir='ltr'><strong>signati</strong></span> <span class='ocrx_word' id='word_1_66' title='bbox 1367 966 1515 1024; x_wconf 89' lang='lat' dir='ltr'><strong>domi</strong></span> <span class='ocrx_word' id='word_1_67' title='bbox 1536 966 1844 1040; x_wconf 79' lang='lat' dir='ltr'><strong>habuerint,</strong></span> 
     </span>
     <span class='ocr_line' id='line_1_11' title="bbox 332 1050 1846 1131; baseline 0.001 -25"><span class='ocrx_word' id='word_1_68' title='bbox 332 1056 373 1086; x_wconf 75' lang='lat'><strong>‘⁶</strong></span> <span class='ocrx_word' id='word_1_69' title='bbox 418 1051 473 1107; x_wconf 89' lang='lat' dir='ltr'><strong>id</strong></span> <span class='ocrx_word' id='word_1_70' title='bbox 497 1072 661 1108; x_wconf 91' lang='lat' dir='ltr'><strong>omne</strong></span> <span class='ocrx_word' id='word_1_71' title='bbox 689 1050 744 1107; x_wconf 90' lang='lat' dir='ltr'><strong>in</strong></span> <span class='ocrx_word' id='word_1_72' title='bbox 774 1050 1059 1131; x_wconf 85' lang='lat' dir='ltr'><strong>publicum</strong></span> <span class='ocrx_word' id='word_1_73' title='bbox 1088 1050 1415 1112; x_wconf 81' lang='lat' dir='ltr'><strong>conferrent,</strong></span> <span class='ocrx_word' id='word_1_74' title='bbox 1459 1050 1532 1107; x_wconf 88' lang='lat' dir='ltr'><strong>ita</strong></span> <span class='ocrx_word' id='word_1_75' title='bbox 1556 1066 1740 1108; x_wconf 88' lang='lat' dir='ltr'><strong>tamen</strong></span> <span class='ocrx_word' id='word_1_76' title='bbox 1780 1067 1846 1108; x_wconf 92' lang='lat' dir='ltr'><strong>ut</strong></span> 
     </span>
     <span class='ocr_line' id='line_1_12' title="bbox 329 1133 1844 1214; baseline -0.001 -22"><span class='ocrx_word' id='word_1_77' title='bbox 329 1140 364 1173; x_wconf 74' lang='lat'><strong>‘⁶</strong></span> <span class='ocrx_word' id='word_1_78' title='bbox 406 1135 606 1192; x_wconf 89' lang='lat' dir='ltr'><strong>anulos</strong></span> <span class='ocrx_word' id='word_1_79' title='bbox 637 1133 728 1192; x_wconf 88' lang='lat' dir='ltr'><strong>fibi</strong></span> <span class='ocrx_word' id='word_1_80' title='bbox 753 1134 979 1214; x_wconf 88' lang='lat' dir='ltr'><strong>quisque</strong></span> <span class='ocrx_word' id='word_1_81' title='bbox 1002 1151 1057 1192; x_wconf 89' lang='lat' dir='ltr'><strong>et</strong></span> <span class='ocrx_word' id='word_1_82' title='bbox 1090 1135 1205 1192; x_wconf 88' lang='lat' dir='ltr'><strong>filio</strong></span> <span class='ocrx_word' id='word_1_83' title='bbox 1237 1136 1447 1192; x_wconf 89' lang='lat' dir='ltr'><strong>bullam</strong></span> <span class='ocrx_word' id='word_1_84' title='bbox 1479 1133 1753 1214; x_wconf 88' lang='lat' dir='ltr'><strong>relinquat</strong></span> <span class='ocrx_word' id='word_1_85' title='bbox 1768 1134 1844 1192; x_wconf 86' lang='lat'><strong>².”</strong></span> 
     </span>
     <span class='ocr_line' id='line_1_13' title="bbox 329 1217 1847 1299; baseline 0 -23"><span class='ocrx_word' id='word_1_86' title='bbox 329 1217 601 1276; x_wconf 86' lang='lat' dir='ltr'><strong>Sertorius</strong></span> <span class='ocrx_word' id='word_1_87' title='bbox 630 1217 884 1299; x_wconf 91' lang='lat' dir='ltr'><strong>denique,</strong></span> <span class='ocrx_word' id='word_1_88' title='bbox 936 1240 1067 1276; x_wconf 85' lang='lat' dir='ltr'><strong>cum</strong></span> <span class='ocrx_word' id='word_1_89' title='bbox 1096 1219 1150 1276; x_wconf 92' lang='lat' dir='ltr'><strong>in</strong></span> <span class='ocrx_word' id='word_1_90' title='bbox 1183 1218 1446 1299; x_wconf 85' lang='lat' dir='ltr'><strong>Hispania</strong></span> <span class='ocrx_word' id='word_1_91' title='bbox 1476 1220 1686 1276; x_wconf 89' lang='lat' dir='ltr'><strong>bellum</strong></span> <span class='ocrx_word' id='word_1_92' title='bbox 1715 1241 1847 1277; x_wconf 87' lang='lat' dir='ltr'><strong>con-</strong></span> 
     </span>
     <span class='ocr_line' id='line_1_14' title="bbox 328 1302 1845 1383; baseline 0 -22"><span class='ocrx_word' id='word_1_93' title='bbox 328 1319 412 1361; x_wconf 89' lang='lat' dir='ltr'><strong>tra</strong></span> <span class='ocrx_word' id='word_1_94' title='bbox 438 1304 724 1360; x_wconf 84' lang='lat' dir='ltr'><strong>Romanos</strong></span> <span class='ocrx_word' id='word_1_95' title='bbox 754 1318 986 1383; x_wconf 77' lang='lat' dir='ltr'><strong>gereret,</strong></span> <span class='ocrx_word' id='word_1_96' title='bbox 1018 1326 1131 1382; x_wconf 92' lang='lat' dir='ltr'><strong>quo</strong></span> <span class='ocrx_word' id='word_1_97' title='bbox 1154 1303 1532 1383; x_wconf 87' lang='lat' dir='ltr'><strong>Hispanorum</strong></span> <span class='ocrx_word' id='word_1_98' title='bbox 1550 1302 1764 1360; x_wconf 83' lang='lat' dir='ltr'><strong>animos</strong></span> <span class='ocrx_word' id='word_1_99' title='bbox 1790 1303 1845 1361; x_wconf 84' lang='lat' dir='ltr'><strong>fi-</strong></span> 
     </span>
     <span class='ocr_line' id='line_1_15' title="bbox 327 1386 1848 1467; baseline 0.001 -24"><span class='ocrx_word' id='word_1_100' title='bbox 327 1386 382 1444; x_wconf 91' lang='lat' dir='ltr'><strong>bi</strong></span> <span class='ocrx_word' id='word_1_101' title='bbox 414 1386 713 1444; x_wconf 86' lang='lat' dir='ltr'><strong>devinciret</strong></span> <span class='ocrx_word' id='word_1_102' title='bbox 757 1403 923 1467; x_wconf 81' lang='lat' dir='ltr'><strong>atque</strong></span> <span class='ocrx_word' id='word_1_103' title='bbox 968 1387 1023 1444; x_wconf 90' lang='lat' dir='ltr'><strong>in</strong></span> <span class='ocrx_word' id='word_1_104' title='bbox 1048 1386 1154 1445; x_wconf 89' lang='lat' dir='ltr'><strong>fide</strong></span> <span class='ocrx_word' id='word_1_105' title='bbox 1178 1387 1271 1444; x_wconf 89' lang='lat' dir='ltr'><strong>sua</strong></span> <span class='ocrx_word' id='word_1_106' title='bbox 1292 1387 1564 1459; x_wconf 88' lang='lat' dir='ltr'><strong>retineret,</strong></span> <span class='ocrx_word' id='word_1_107' title='bbox 1612 1403 1848 1466; x_wconf 79' lang='lat' dir='ltr'><strong>praetex-</strong></span> 
     </span>
     <span class='ocr_line' id='line_1_16' title="bbox 329 1471 1891 1550; baseline 0 -22"><span class='ocrx_word' id='word_1_108' title='bbox 329 1487 444 1528; x_wconf 86' lang='lat' dir='ltr'><strong>tam</strong></span> <span class='ocrx_word' id='word_1_109' title='bbox 469 1473 793 1550; x_wconf 88' lang='lat' dir='ltr'><strong>bullamque</strong></span> <span class='ocrx_word' id='word_1_110' title='bbox 823 1493 1046 1529; x_wconf 83' lang='lat' dir='ltr'><strong>auream</strong></span> <span class='ocrx_word' id='word_1_111' title='bbox 1099 1471 1277 1529; x_wconf 82' lang='lat' dir='ltr'><strong>liberis</strong></span> <span class='ocrx_word' id='word_1_112' title='bbox 1315 1493 1527 1543; x_wconf 90' lang='lat' dir='ltr'><strong>eorum,</strong></span> <span class='ocrx_word' id='word_1_113' title='bbox 1583 1473 1848 1529; x_wconf 90' lang='lat' dir='ltr'><strong>Romano</strong></span> <span class='ocrx_word' id='word_1_114' title='bbox 1888 1471 1891 1473; x_wconf 55' lang='grc'><strong>’</strong></span> 
     </span>
     <span class='ocr_line' id='line_1_17' title="bbox 330 1554 1381 1636; baseline 0.001 -24"><span class='ocrx_word' id='word_1_115' title='bbox 330 1577 481 1612; x_wconf 90' lang='lat' dir='ltr'><strong>more</strong></span> <span class='ocrx_word' id='word_1_116' title='bbox 499 1555 836 1636; x_wconf 78' lang='lat' dir='ltr'><strong>gestandam,</strong></span> <span class='ocrx_word' id='word_1_117' title='bbox 883 1554 1080 1613; x_wconf 82' lang='lat' dir='ltr'><strong>dedisse</strong></span> <span class='ocrx_word' id='word_1_118' title='bbox 1106 1555 1381 1614; x_wconf 81' lang='lat' dir='ltr'><strong>traditur3.</strong></span> 
     </span>
    </p>

    <p class='ocr_par' dir='ltr' id='par_1_3' title="bbox 330 1637 1850 1804">
     <span class='ocr_line' id='line_1_18' title="bbox 414 1637 1850 1711; baseline -0.001 -15"><span class='ocrx_word' id='word_1_119' title='bbox 414 1640 595 1696; x_wconf 81' lang='lat' dir='ltr'><strong>Bullae</strong></span> <span class='ocrx_word' id='word_1_120' title='bbox 637 1661 769 1696; x_wconf 72' lang='lat' dir='ltr'><strong>vero</strong></span> <span class='ocrx_word' id='word_1_121' title='bbox 808 1660 991 1696; x_wconf 81' lang='lat' dir='ltr'><strong>aureae</strong></span> <span class='ocrx_word' id='word_1_122' title='bbox 1039 1640 1182 1711; x_wconf 86' lang='lat' dir='ltr'><strong>loco,</strong></span> <span class='ocrx_word' id='word_1_123' title='bbox 1247 1638 1677 1710; x_wconf 86' lang='lat' dir='ltr'><strong>Libertinorum,</strong></span> <span class='ocrx_word' id='word_1_124' title='bbox 1721 1637 1850 1695; x_wconf 83' lang='lat' dir='ltr'><strong>civi-</strong></span> 
     </span>
     <span class='ocr_line' id='line_1_19' title="bbox 330 1722 1848 1804; baseline -0.001 -24"><span class='ocrx_word' id='word_1_125' title='bbox 330 1745 540 1803; x_wconf 87' lang='lat' dir='ltr'><strong>umque</strong></span> <span class='ocrx_word' id='word_1_126' title='bbox 569 1724 958 1803; x_wconf 85' lang='lat' dir='ltr'><strong>pauperiorum</strong></span> <span class='ocrx_word' id='word_1_127' title='bbox 984 1722 1138 1798; x_wconf 84' lang='lat' dir='ltr'><strong>filios,</strong></span> <span class='ocrx_word' id='word_1_128' title='bbox 1170 1722 1385 1804; x_wconf 79' lang='lat' dir='ltr'><strong>fignum</strong></span> <span class='ocrx_word' id='word_1_129' title='bbox 1409 1724 1691 1804; x_wconf 80' lang='lat' dir='ltr'><strong>quoddam</strong></span> <span class='ocrx_word' id='word_1_130' title='bbox 1715 1722 1848 1797; x_wconf 86' lang='lat' dir='ltr'><strong>ejus-</strong></span> 
     </span>
    </p>
   </div>
   <div class='ocr_carea' id='block_1_3' title="bbox 328 1892 1851 2433">
    <p class='ocr_par' dir='ltr' id='par_1_4' title="bbox 328 1892 1851 2311">
     <span class='ocr_line' id='line_1_20' title="bbox 394 1892 1849 1945; baseline -0.001 -14"><span class='ocrx_word' id='word_1_131' title='bbox 394 1898 404 1913; x_wconf 86' lang='lat'>¹</span> <span class='ocrx_word' id='word_1_132' title='bbox 440 1893 578 1932; x_wconf 85' lang='lat' dir='ltr'><strong>Pierius</strong></span> <span class='ocrx_word' id='word_1_133' title='bbox 596 1903 723 1932; x_wconf 78' lang='lat' dir='ltr'><strong>autem</strong></span> <span class='ocrx_word' id='word_1_134' title='bbox 748 1893 981 1939; x_wconf 77' lang='lat' dir='ltr'><strong>Valerianus,</strong></span> <span class='ocrx_word' id='word_1_135' title='bbox 1016 1892 1062 1930; x_wconf 83' lang='lat' dir='ltr'><strong>de</strong></span> <span class='ocrx_word' id='word_1_136' title='bbox 1087 1893 1202 1931; x_wconf 79' lang='lat' dir='ltr'><strong>Bullae</strong></span> <span class='ocrx_word' id='word_1_137' title='bbox 1222 1907 1338 1931; x_wconf 84' lang='lat' dir='ltr'><strong>aureae</strong></span> <span class='ocrx_word' id='word_1_138' title='bbox 1359 1893 1426 1931; x_wconf 89' lang='lat' dir='ltr'><strong>usu</strong></span> <span class='ocrx_word' id='word_1_139' title='bbox 1458 1893 1657 1945; x_wconf 70' lang='lat' dir='ltr'><strong>disputanS,</strong></span> <span class='ocrx_word' id='word_1_140' title='bbox 1692 1893 1849 1931; x_wconf 87' lang='lat' dir='ltr'><strong>Trium-</strong></span> 
     </span>
     <span class='ocr_line' id='line_1_21' title="bbox 330 1953 1851 2007; baseline 0 -15"><span class='ocrx_word' id='word_1_141' title='bbox 330 1953 489 2007; x_wconf 82' lang='lat' dir='ltr'><strong>phatoris</strong></span> <span class='ocrx_word' id='word_1_142' title='bbox 507 1954 603 2002; x_wconf 85' lang='lat' dir='ltr'><strong>sane,</strong></span> <span class='ocrx_word' id='word_1_143' title='bbox 638 1967 748 1992; x_wconf 85' lang='lat' dir='ltr'><strong>curru</strong></span> <span class='ocrx_word' id='word_1_144' title='bbox 781 1954 998 2006; x_wconf 74' lang='lat' dir='ltr'><strong>triumphali</strong></span> <span class='ocrx_word' id='word_1_145' title='bbox 1021 1954 1167 2001; x_wconf 64' lang='lat' dir='ltr'><strong>invecfti‚</strong></span> <span class='ocrx_word' id='word_1_146' title='bbox 1200 1954 1363 2007; x_wconf 84' lang='lat' dir='ltr'><strong>effigiem</strong></span> <span class='ocrx_word' id='word_1_147' title='bbox 1385 1953 1570 2001; x_wconf 80' lang='lat' dir='ltr'><strong>exhibuit,</strong></span> <span class='ocrx_word' id='word_1_148' title='bbox 1603 1954 1663 1992; x_wconf 87' lang='lat' dir='ltr'><strong>cui</strong></span> <span class='ocrx_word' id='word_1_149' title='bbox 1704 1954 1809 1992; x_wconf 85' lang='lat' dir='ltr'><strong>Bulla</strong></span> <span class='ocrx_word' id='word_1_150' title='bbox 1830 1968 1851 1992; x_wconf 88' lang='lat' dir='ltr'><strong>e</strong></span> 
     </span>
     <span class='ocr_line' id='line_1_22' title="bbox 329 2014 1850 2067; baseline -0.001 -14"><span class='ocrx_word' id='word_1_151' title='bbox 329 2015 425 2053; x_wconf 89' lang='lat' dir='ltr'><strong>collo</strong></span> <span class='ocrx_word' id='word_1_152' title='bbox 447 2015 639 2067; x_wconf 86' lang='lat' dir='ltr'><strong>dependet.</strong></span> <span class='ocrx_word' id='word_1_153' title='bbox 706 2014 773 2052; x_wconf 76' lang='lat' dir='ltr'><strong>Illa</strong></span> <span class='ocrx_word' id='word_1_154' title='bbox 794 2028 896 2061; x_wconf 85' lang='lat' dir='ltr'><strong>vero,</strong></span> <span class='ocrx_word' id='word_1_155' title='bbox 931 2029 977 2053; x_wconf 84' lang='lat' dir='ltr'><strong>ex</strong></span> <span class='ocrx_word' id='word_1_156' title='bbox 994 2014 1101 2053; x_wconf 87' lang='lat' dir='ltr'><strong>nullo</strong></span> <span class='ocrx_word' id='word_1_157' title='bbox 1135 2025 1384 2053; x_wconf 84' lang='lat' dir='ltr'><strong>monumento</strong></span> <span class='ocrx_word' id='word_1_158' title='bbox 1407 2025 1528 2052; x_wconf 83' lang='lat' dir='ltr'><strong>vetere</strong></span> <span class='ocrx_word' id='word_1_159' title='bbox 1551 2014 1758 2067; x_wconf 81' lang='lat' dir='ltr'><strong>desumpta,</strong></span> <span class='ocrx_word' id='word_1_160' title='bbox 1790 2014 1850 2052; x_wconf 89' lang='lat' dir='ltr'><strong>sed</strong></span> 
     </span>
     <span class='ocr_line' id='line_1_23' title="bbox 330 2075 1849 2128; baseline -0.001 -15"><span class='ocrx_word' id='word_1_161' title='bbox 330 2076 375 2114; x_wconf 82' lang='lat' dir='ltr'><strong>ad</strong></span> <span class='ocrx_word' id='word_1_162' title='bbox 398 2086 665 2127; x_wconf 81' lang='lat' dir='ltr'><strong>argumentum</strong></span> <span class='ocrx_word' id='word_1_163' title='bbox 688 2075 925 2113; x_wconf 85' lang='lat' dir='ltr'><strong>solummodo</strong></span> <span class='ocrx_word' id='word_1_164' title='bbox 958 2089 1023 2127; x_wconf 85' lang='lat' dir='ltr'><strong>pro</strong></span> <span class='ocrx_word' id='word_1_165' title='bbox 1041 2089 1144 2113; x_wconf 85' lang='lat' dir='ltr'><strong>more</strong></span> <span class='ocrx_word' id='word_1_166' title='bbox 1167 2076 1231 2113; x_wconf 87' lang='lat' dir='ltr'><strong>suo</strong></span> <span class='ocrx_word' id='word_1_167' title='bbox 1252 2076 1510 2114; x_wconf 76' lang='lat' dir='ltr'><strong>illustrandum</strong></span> <span class='ocrx_word' id='word_1_168' title='bbox 1541 2075 1703 2121; x_wconf 81' lang='lat' dir='ltr'><strong>inventa,</strong></span> <span class='ocrx_word' id='word_1_169' title='bbox 1738 2085 1849 2128; x_wconf 82' lang='lat' dir='ltr'><strong>atque</strong></span> 
     </span>
     <span class='ocr_line' id='line_1_24' title="bbox 331 2136 1851 2188; baseline 0 -14"><span class='ocrx_word' id='word_1_170' title='bbox 331 2150 381 2174; x_wconf 85' lang='lat' dir='ltr'><strong>ex</strong></span> <span class='ocrx_word' id='word_1_171' title='bbox 405 2137 559 2174; x_wconf 59' lang='lat' dir='ltr'><strong>audoris</strong></span> <span class='ocrx_word' id='word_1_172' title='bbox 577 2137 683 2188; x_wconf 78' lang='lat' dir='ltr'><strong>ipsius</strong></span> <span class='ocrx_word' id='word_1_173' title='bbox 710 2136 857 2187; x_wconf 76' lang='lat' dir='ltr'><strong>ingenio</strong></span> <span class='ocrx_word' id='word_1_174' title='bbox 880 2137 1024 2187; x_wconf 81' lang='lat' dir='ltr'><strong>penitus</strong></span> <span class='ocrx_word' id='word_1_175' title='bbox 1045 2137 1129 2174; x_wconf 63' lang='lat' dir='ltr'><strong>fieta</strong></span> <span class='ocrx_word' id='word_1_176' title='bbox 1149 2136 1201 2174; x_wconf 82' lang='lat' dir='ltr'><strong>est</strong></span> <span class='ocrx_word' id='word_1_177' title='bbox 1220 2152 1228 2175; x_wconf 91' lang='lat'>:</span> <span class='ocrx_word' id='word_1_178' title='bbox 1264 2137 1365 2187; x_wconf 79' lang='lat' dir='ltr'><strong>cujus</strong></span> <span class='ocrx_word' id='word_1_179' title='bbox 1383 2136 1536 2188; x_wconf 84' lang='lat' dir='ltr'><strong>quidem</strong></span> <span class='ocrx_word' id='word_1_180' title='bbox 1562 2136 1720 2188; x_wconf 81' lang='lat' dir='ltr'><strong>speciem</strong></span> <span class='ocrx_word' id='word_1_181' title='bbox 1742 2149 1851 2174; x_wconf 80' lang='lat' dir='ltr'><strong>orna-</strong></span> 
     </span>
     <span class='ocr_line' id='line_1_25' title="bbox 332 2195 1851 2249; baseline -0.001 -15"><span class='ocrx_word' id='word_1_182' title='bbox 332 2207 490 2247; x_wconf 81' lang='lat' dir='ltr'><strong>tumque</strong></span> <span class='ocrx_word' id='word_1_183' title='bbox 508 2210 676 2243; x_wconf 77' lang='lat' dir='ltr'><strong>omnem,</strong></span> <span class='ocrx_word' id='word_1_184' title='bbox 711 2211 730 2234; x_wconf 85' lang='lat' dir='ltr'><strong>a</strong></span> <span class='ocrx_word' id='word_1_185' title='bbox 753 2210 929 2248; x_wconf 75' lang='lat' dir='ltr'><strong>germano</strong></span> <span class='ocrx_word' id='word_1_186' title='bbox 953 2196 1288 2249; x_wconf 78' lang='lat' dir='ltr'><strong>Triumphanrium</strong></span> <span class='ocrx_word' id='word_1_187' title='bbox 1320 2206 1490 2235; x_wconf 84' lang='lat' dir='ltr'><strong>veterum</strong></span> <span class='ocrx_word' id='word_1_188' title='bbox 1532 2195 1663 2235; x_wconf 78' lang='lat' dir='ltr'><strong>habitu</strong></span> <span class='ocrx_word' id='word_1_189' title='bbox 1695 2197 1851 2234; x_wconf 85' lang='lat' dir='ltr'><strong>omnino</strong></span> 
     </span>
     <span class='ocr_line' id='line_1_26' title="bbox 328 2255 1845 2311; baseline 0.002 -16"><span class='ocrx_word' id='word_1_190' title='bbox 328 2257 538 2305; x_wconf 75' lang='lat' dir='ltr'><strong>abhorrere,</strong></span> <span class='ocrx_word' id='word_1_191' title='bbox 574 2258 725 2296; x_wconf 79' lang='lat' dir='ltr'><strong>constat.</strong></span> <span class='ocrx_word' id='word_1_192' title='bbox 868 2255 949 2296; x_wconf 72' lang='lat' dir='ltr'><strong>Vid.</strong></span> <span class='ocrx_word' id='word_1_193' title='bbox 971 2257 1075 2297; x_wconf 69' lang='lat' dir='ltr'><strong>Pier.</strong></span> <span class='ocrx_word' id='word_1_194' title='bbox 1103 2256 1224 2297; x_wconf 76' lang='lat' dir='ltr'><strong>Valer.</strong></span> <span class='ocrx_word' id='word_1_195' title='bbox 1245 2257 1481 2309; x_wconf 62' lang='lat' dir='ltr'><strong>Hyerog.{5.ph.</strong></span> <span class='ocrx_word' id='word_1_196' title='bbox 1500 2257 1541 2295; x_wconf 85' lang='lat' dir='ltr'><strong>de</strong></span> <span class='ocrx_word' id='word_1_197' title='bbox 1563 2257 1663 2297; x_wconf 79' lang='lat' dir='ltr'><strong>thll.</strong></span> <span class='ocrx_word' id='word_1_198' title='bbox 1681 2266 1720 2310; x_wconf 79' lang='lat' dir='ltr'><strong>p.</strong></span> <span class='ocrx_word' id='word_1_199' title='bbox 1748 2272 1845 2311; x_wconf 77' lang='lat'><strong>301,</strong></span> 
     </span>
    </p>

    <p class='ocr_par' dir='ltr' id='par_1_5' title="bbox 395 2317 1082 2369">
     <span class='ocr_line' id='line_1_27' title="bbox 395 2317 1082 2369; baseline 0.006 -16"><span class='ocrx_word' id='word_1_200' title='bbox 395 2323 407 2337; x_wconf 81' lang='lat'><em>2</em></span> <span class='ocrx_word' id='word_1_201' title='bbox 428 2318 510 2356; x_wconf 78' lang='lat' dir='ltr'><strong>Liv.</strong></span> <span class='ocrx_word' id='word_1_202' title='bbox 534 2319 556 2358; x_wconf 93' lang='lat' dir='ltr'><strong>l.</strong></span> <span class='ocrx_word' id='word_1_203' title='bbox 584 2322 650 2357; x_wconf 69' lang='lat'><strong>26.</strong></span> <span class='ocrx_word' id='word_1_204' title='bbox 679 2317 918 2369; x_wconf 72' lang='lat' dir='ltr'><strong>36.it.F10r.</strong></span> <span class='ocrx_word' id='word_1_205' title='bbox 938 2318 962 2356; x_wconf 84' lang='lat' dir='ltr'><strong>l.</strong></span> <span class='ocrx_word' id='word_1_206' title='bbox 986 2332 1022 2357; x_wconf 89' lang='lat'><strong>2.</strong></span> <span class='ocrx_word' id='word_1_207' title='bbox 1043 2320 1082 2357; x_wconf 83' lang='lat'><strong>6.</strong></span> 
     </span>
    </p>

    <p class='ocr_par' dir='ltr' id='par_1_6' title="bbox 395 2379 1096 2433">
     <span class='ocr_line' id='line_1_28' title="bbox 395 2379 1096 2433; baseline -0.001 -14"><span class='ocrx_word' id='word_1_208' title='bbox 395 2382 408 2407; x_wconf 84' lang='lat'>³</span> <span class='ocrx_word' id='word_1_209' title='bbox 431 2379 615 2420; x_wconf 76' lang='lat' dir='ltr'><strong>Plutarch.</strong></span> <span class='ocrx_word' id='word_1_210' title='bbox 635 2380 671 2418; x_wconf 86' lang='lat' dir='ltr'><strong>in</strong></span> <span class='ocrx_word' id='word_1_211' title='bbox 695 2379 767 2418; x_wconf 78' lang='lat' dir='ltr'><strong>Vit.</strong></span> <span class='ocrx_word' id='word_1_212' title='bbox 786 2381 918 2418; x_wconf 76' lang='lat' dir='ltr'><strong>Sestos.</strong></span> <span class='ocrx_word' id='word_1_213' title='bbox 938 2392 972 2431; x_wconf 83' lang='lat' dir='ltr'><strong>p.</strong></span> <span class='ocrx_word' id='word_1_214' title='bbox 997 2393 1096 2433; x_wconf 60' lang='grc' dir='ltr'><strong>575α</strong></span> 
     </span>
    </p>
   </div>
   <div class='ocr_carea' id='block_1_4' title="bbox 1731 2480 1855 2537">
    <p class='ocr_par' dir='ltr' id='par_1_7' title="bbox 1731 2480 1855 2537">
     <span class='ocr_line' id='line_1_29' title="bbox 1731 2480 1855 2537; baseline 0.008 -1"><span class='ocrx_word' id='word_1_215' title='bbox 1731 2480 1855 2537; x_wconf 89' lang='lat' dir='ltr'><strong>dem</strong></span> 
     </span>
    </p>
   </div>
  </div>
 </body>
</html>
