2425 3152
717 242 1376 305 TABULAlx.
1727 268 1841 322 117

417 348 775 432 pugillarium
805 350 1008 407 horum
1031 349 1163 408 folia
1191 371 1263 408 ex
1303 351 1463 407 rebus
1494 347 1653 406 variis
1683 348 1845 407 effec-

331 450 387 492 ta
415 434 667 492 fuerunt:
713 433 956 491 maxima
985 456 1125 513 pars,
1171 456 1198 490 e
1235 433 1448 491 laminis
1476 433 1676 512 ligneis,
1722 455 1846 489 cera

328 518 498 591 illitis,
543 517 598 574 in
629 517 828 597 quibus
859 517 1003 596 stylo
1039 516 1398 588 scribebatur3
1448 517 1721 574 nonnulla
1762 532 1843 573 ta-

327 622 540 659 menex
563 603 746 674 ebore,
769 601 1118 674 membrani8‚
1137 617 1236 658 aut
1256 601 1504 680 plumbo.
1534 601 1625 656 De
1647 599 1845 657 Citreis

327 683 480 759 item,
525 684 887 743 membraneis
916 701 1083 765 atque
1126 684 1397 756 eburneis,
1449 682 1844 764 epigrammata

325 769 582 849 quaedam
608 768 887 827 Martialis
903 784 1115 827 extant.
1205 767 1455 826 Plumbei
1478 789 1611 825 vero
1641 766 1698 824 in
1720 769 1842 825 Sar-

325 854 580 934 cophago
626 853 858 933 antiquo
904 852 1102 933 reperti
1147 851 1405 932 effigiem,
1451 851 1580 909 huic
1642 851 1842 909 nostrae

324 937 477 995 haud
505 936 820 1010 abfimilem,
864 958 898 993 a
926 935 1236 994 donffiffimo
1278 934 1572 993 Bonannio
1611 935 1842 1015 descrip-

324 1036 439 1078 tam
496 1020 808 1094 cernimus3
872 1020 963 1078 cui
1012 1020 1216 1101 septem
1266 1019 1506 1093 laminae,
1573 1019 1665 1077 seu
1709 1019 1843 1077 folia

322 1105 603 1185 plumbea,
648 1104 838 1162 litteris
878 1104 1077 1162 referta
1100 1119 1283 1162 erant:
1350 1103 1440 1160 sed
1473 1102 1603 1184 quia
1653 1105 1843 1161 nullus

322 1187 552 1246 omnino
601 1187 778 1246 sensus
827 1210 899 1246 ex
944 1187 1134 1246 litteris
1179 1187 1288 1245 istis
1339 1186 1460 1245 elici
1499 1202 1732 1267 poterat,
1779 1187 1843 1245 li-

321 1273 481 1331 brum
511 1271 686 1353 ipsum
742 1272 811 1330 ad
841 1271 1290 1330 Talismanorum
1338 1271 1554 1329 claffem
1603 1269 1842 1329 referen-

320 1357 471 1417 dum,
515 1372 683 1438 atque
727 1359 810 1415 ad
828 1359 1035 1416 Manes
1070 1354 1306 1436 fortaſj}
1337 1355 1649 1438 placandos,
1700 1359 1842 1414 Dae-

320 1442 552 1519 moncfioe
580 1443 859 1523 fugandos
902 1443 961 1500 in
1011 1439 1345 1522 Sarcophago
1394 1440 1485 1519 isto
1513 1441 1841 1498 reconditum

321 1525 437 1604 ff,
481 1528 568 1583 vir
595 1526 687 1584 ille
727 1527 967 1584 eruditus
1004 1526 1216 1603 cenfifst.

405 1610 618 1668 Noster
646 1618 833 1668 autem
862 1609 1146 1691 pugillaris
1190 1631 1261 1667 an
1312 1610 1385 1666 ob
1435 1609 1666 1667 eandem
1708 1630 1838 1666 cau-

320 1691 433 1751 sam
454 1693 509 1751 in
540 1694 826 1774 sepulchro
848 1693 1104 1752 conditus
1121 1692 1304 1766 fuerit,
1330 1693 1479 1750 haud
1503 1691 1661 1751 facile
1684 1692 1837 1750 dixe-

320 1777 448 1851 rim3
471 1777 559 1835 sed
578 1778 633 1835 in
657 1778 899 1836 Familiae
912 1777 1167 1836 Paffienae
1190 1777 1494 1859 sepulcth
1505 1778 1671 1852 juxta
1689 1777 1836 1834 viam

319 1862 586 1942 Appiam,
597 1885 745 1920 anno
773 1884 794 1921 1
811 1883 878 1937 71
894 1884 950 1936 0,
977 1864 1181 1920 Romae
1204 1877 1451 1942 repertus
1471 1861 1590 1919 fuit.
1611 1861 1765 1919 Folia
1787 1861 1835 1917 ei

318 1945 537 2025 quidem
560 1948 910 2005 membranea
926 1962 1099 2020 erant,
1117 1946 1206 2003 sed
1233 1946 1307 2003 ita
1327 1947 1504 2003 lacera
1535 1945 1753 2024 penitus
1772 1967 1834 2002 ac

318 2030 592 2088 vetustate
636 2031 942 2111 absumpta,
985 2046 1051 2088 ut
1101 2030 1235 2087 nihil
1283 2029 1408 2086 inde
1453 2029 1605 2086 aliud
1652 2028 1834 2107 colligi

318 2112 510 2193 posset,
556 2135 618 2170 ac
658 2115 809 2193 quod
860 2114 1054 2171 litterae
1095 2113 1149 2171 in
1202 2113 1276 2169 eis
1327 2112 1459 2169 olim
1505 2112 1831 2192 perferith

318 2195 504 2255 latinae
528 2196 711 2254 effent.
802 2197 1090 2277 Pugillaris
1141 2196 1531 2271 ejusdemmodi
1575 2195 1831 2276 figmam,

319 2278 374 2337 in
423 2296 787 2338 monumento
834 2280 1087 2337 mulieris·
1126 2279 1448 2360 sepulchrali
1492 2279 1831 2360 insculptam,

317 2365 465 2445 apud
492 2366 536 2421 F
539 2366 816 2423 abrettum
846 2364 1029 2420 videre
1076 2363 1226 2435 lieet3
1276 2384 1347 2419 ez<
1388 2385 1496 2442 qua
1528 2363 1723 2421 seilicet
1752 2363 1833 2419 m·

647 2472 662 2515 J
696 2463 878 2503 Museum
910 2460 1082 2502 Kircher,
1104 2475 1140 2514 p.
1172 2460 1268 2501 180.
1292 2461 1391 2502 Tab„
1427 2464 1495 2502 00,

1630 2517 1830 2578 deibus
