2425 3152
576 232 694 290 180
905 228 1426 288 TABULA
1502 231 1705 289 XVII.

569 332 771 391 mirum
794 329 1033 404 videtur,
1078 330 1229 411 quod
1260 332 1331 389 ad
1370 351 1654 389 armorum
1684 350 1880 389 eorum
1926 328 2094 390 fabri·

568 438 710 489 carn,
783 436 1024 496 quorum
1072 436 1155 471 vis
1199 413 1477 494 virtusque
1531 413 1710 474 omnis
1758 437 1830 474 ex
1880 415 2090 474 metalli

569 499 787 573 duritie,
833 498 1216 580 mucronisque
1244 498 1539 558 subtilitate
1577 499 1839 581 pendent,
1903 522 1978 558 aes
2007 516 2092 558 ta-

570 607 695 643 men
727 585 1108 642 adhiberetur:
1158 605 1287 642 nam
1309 583 1386 642 ita
1402 583 1506 641 sese
1530 605 1645 642 rem
1664 583 1925 657 habuiffe,
1971 586 2092 643 haec

568 672 753 728 nostra
782 667 1162 741 instrumenta,
1223 684 1393 749 atque
1435 666 1544 726 alia
1591 667 1831 743 ejusdem
1881 669 2093 749 generis

568 754 867 835 permulta,
894 752 950 810 in
975 751 1124 810 libris
1154 752 1341 834 paffim
1370 752 1654 833 descripta,
1685 752 2090 812 demonstrant:

569 861 697 919 quae
755 836 981 917 quidem
1007 836 1195 894 omnia
1249 837 1372 917 post
1428 836 1637 894 ferrum
1689 836 1980 895 inventum
2020 858 2093 895 ex

568 944 676 981 aere
707 920 970 980 fabricata
997 919 1120 993 effe,
1168 919 1653 1001 promiscuumque
1695 920 1792 979 diu
1835 942 1966 979 cum
1987 920 2095 980 fer-

569 1029 632 1066 ro
673 1006 788 1088 ipso
837 1004 1000 1064 usum
1042 1003 1353 1078 obtinuisse,
1399 1003 1751 1063 certissimum
1778 1005 1870 1062 est.
1965 1005 2095 1063 Vir-

567 1091 731 1173 gilius
759 1090 926 1164 enim,
971 1110 1137 1184 quem
1161 1089 1230 1147 de
1263 1089 1428 1163 ferm,
1472 1104 1740 1170 tanquam
1784 1110 1991 1171 pugnae
2029 1111 2094 1148 ac

565 1175 748 1235 Marti
801 1175 1029 1258 proprio
1050 1217 1069 1249 ‚
1146 1175 1470 1255 loquentem
1527 1173 1700 1232 modo
1750 1172 2093 1266 induximUS,

567 1262 751 1320 hastas
778 1276 985 1334 tamen,
1032 1257 1288 1341 ensesque
1315 1280 1379 1318 ac
1409 1279 1597 1342 proras
1636 1257 1805 1318 etiam
1841 1257 2092 1334 navium,

568 1362 764 1406 aeratas
786 1360 971 1405 vocat

568 1477 898 1556 AErataeque
919 1474 1119 1533 micant
1134 1470 1317 1556 peltae,
1362 1472 1525 1530 micat
1554 1494 1723 1532 aereus
1748 1472 1919 1554 enfis¹.

566 1564 717 1644 Qot
735 1561 897 1643 prius
939 1573 1121 1618 aeratae
1135 1559 1401 1641 steterant
1427 1559 1514 1616 ad
1552 1557 1738 1618 littora
1748 1564 1977 1640 prorae2.

569 1691 843 1748 Attamen
872 1685 1185 1762 hujusmodi
1212 1688 1415 1748 omnia,
1448 1700 1954 1745 commentatorum
1982 1686 2098 1767 ple-

569 1773 767 1855 rosque
796 1788 1067 1854 tanquam
1097 1771 1311 1854 poetice
1340 1769 1513 1845 dieta,
1579 1770 1925 1853 interpretari
1968 1770 2095 1845 scio,

569 1874 627 1917 et
666 1880 759 1919 aes,
801 1878 1000 1915 vocem
1035 1856 1271 1915 metallis
1309 1855 1568 1915 omnibus
1588 1877 1944 1914 communem
1972 1855 2095 1929 effe,

569 1964 672 2001 nec
717 1940 813 2000 nifi
867 1942 936 1999 de
981 1940 1125 1999 ferro
1170 1940 1227 1998 in
1277 1940 1387 1999 istis
1426 1940 1559 1999 locis
1603 1939 1836 2036 intelligi
1876 1940 2094 2013 debere,

569 2027 972 2087 contendunt.
937 2034 958 2066 ³
1061 2025 1170 2083 Sed
1191 2025 1373 2106 gladii
1396 2025 1494 2108 ipst
1524 2026 1672 2098 aenei,
1718 2023 2097 2106 hastarumque

570 2128 621 2172 et
634 2113 974 2194 sagittarum
1003 2112 1232 2192 cuspides
1254 2131 1317 2167 ex
1344 2133 1448 2168 aere
1464 2131 1665 2190 quoque
1685 2108 1939 2188 conflatae,
1961 2131 2099 2189 qua-

571 2212 696 2258 rum
727 2196 922 2277 ingens
952 2198 1117 2279 plane
1139 2216 1405 2254 numerus
1435 2217 1510 2253 ex
1551 2194 1703 2253 urbis
1732 2193 1978 2276 antiquae
2005 2215 2101 2251 ru-

637 2353 772 2393 ¹AEn.
797 2368 836 2409 7.
860 2367 964 2409 743.
1402 2361 1418 2378 ²
1452 2351 1502 2391 ib.
1528 2366 1567 2405 9.
1598 2363 1693 2391 122.
1716 2350 1758 2390 it.
1782 2352 1885 2402 463.

624 2412 649 2437 *³
681 2414 768 2454 Vid.
802 2415 925 2454 Notas
948 2413 1047 2456 Lud,
1071 2413 1119 2454 de
1149 2413 1184 2454 Ia
1219 2412 1340 2454 Cerda
1361 2412 1400 2454 in
1421 2413 1529 2472 yirg..
1554 2412 1644 2454 AEn.
1666 2425 1705 2456 x,
1743 2411 1846 2463 482.
1869 2410 1909 2451 it.
1927 2411 2094 2451 Fabrett.

570 2476 654 2518 Col.
670 2475 776 2528 Traj.
811 2491 905 2530 109>u

1877 2531 2096 2591 cleribus
