2425 3152
973 190 1185 269 (29)

752 376 1266 436 TABULA
1360 382 1460 437 m.

492 540 741 604 ULLA
773 546 893 602 haec
925 566 1112 619 aurea,
1159 547 1314 621 cujus
1357 546 1592 605 formam
1638 563 1692 606 et
1715 570 1873 629 magv

522 629 830 688 nitudinem
858 646 1112 687 accurate
1154 630 1274 688 satis
1318 631 1606 711 descriptas
1650 619 1875 698 damur:

351 737 526 795 quum
555 713 705 771 urbis
733 712 978 792 antiquae
1008 713 1177 771 ruinis
1195 714 1364 794 usque
1384 717 1452 772 ad
1485 718 1520 772 h
1526 739 1626 774 anc
1652 734 1807 774 actast
1804 741 1869 775 m

351 799 563 880 sepulta
577 795 841 872 Jacu1ffet
884 796 1097 878 integra
1136 814 1319 856 tamen
1364 800 1484 880 post
1534 816 1617 858 tot
1667 801 1872 859 seculo-

354 904 478 942 rum
523 881 814 939 decursum
860 898 1095 960 reperta,
1141 898 1309 962 atque
1330 906 1384 940 m
1409 885 1591 942 lucem
1617 902 1872 943 rexocati

355 967 449 1024 est.
538 965 759 1024 Etenim
811 965 1056 1023 Foffores
1106 966 1351 1047 quidam
1396 967 1452 1025 in
1504 970 1873 1027 monumentis

354 1049 629 1107 veteribus
647 1049 1017 1128 explorandi8‚
1037 1050 1873 1132 marmoribusqueeruenclisoc-

355 1132 562 1226 «stipati,
609 1133 742 1190 dum
791 1131 1067 1192 Mausolei
1119 1134 1401 1209 cujusdam
1453 1137 1670 1209 rudera,
1705 1138 1874 1211 juxta

354 1239 503 1275 V1am
527 1215 937 1310 Praenestinam,
981 1218 1052 1274 ad
1075 1234 1335 1298 quartum
1360 1222 1428 1277 ab
1450 1223 1587 1277 urbe
1619 1222 1874 1301 lapidem,

355 1301 847 1382 perscrutantur,
834 1323 890 1359 m
920 1303 1184 1359 conclave
1216 1302 1653 1377 subterraneum
1693 1304 1874 1384 pictu-

355 1385 430 1444 ris
478 1401 760 1457 ornatum,
806 1400 861 1442 et
907 1386 1140 1465 pulchre
1191 1387 1630 1466 pavimentatum
1668 1389 1878 1470 irrupe-

357 1478 526 1528 runt¹.
615 1471 683 1526 In
702 1470 808 1527 hoc
859 1490 1058 1527 urnam
1089 1492 1120 1527 e
1149 1493 1421 1529 marmore
1461 1473 1702 1531 nobilem
1745 1496 1885 1531 con-

358 1553 662 1635 spicientes³
698 1553 920 1633 ejusque
967 1556 1290 1634 operculum
1340 1558 1570 1636 plumbo
1613 1558 1885 1619 defixums

358 1637 626 1718 nimisque
658 1637 1045 1718 ponderosum,
1113 1661 1282 1719 quam
1327 1656 1393 1698 ut
1437 1643 1680 1699 amoveri
1722 1642 1879 1700 facile

358 1721 554 1802 poffet,
613 1721 1035 1802 confringente8‚
1095 1722 1380 1782 vasculum
1430 1724 1578 1783 intus
1636 1748 1708 1784 ex
1765 1728 1888 1784 alao

359 1806 542 1864 bastro
584 1805 837 1864 orientali
876 1805 1226 1881 invenerunt,
1272 1807 1327 1865 in
1363 1831 1476 1888 quo
1514 1809 1708 1868 ostium
1732 1834 1886 1868 com-

361 1890 651 1949 bustorum
674 1889 941 1970 reliquiae,
987 1912 1102 1949 una
1125 1913 1254 1949 cum
1283 1894 1387 1950 hac
1419 1895 1602 1968 Bulla,
1642 1896 1881 1953 conditae

361 1989 550 2032 erant:
592 1975 682 2033 sed
704 1974 1028 2033 vasculum
1015 1991 1147 2032 item
1176 1975 1371 2056 ipsum,
1417 2000 1529 2058 prae
1564 1979 1728 2036 nimia
1758 1980 1881 2036 auri

362 2057 665 2139 reperiendi
695 2058 1017 2139 cupiditate,
1059 2059 1471 2142 confregerunt
1555 2062 1734 2142 Atqui
1760 2065 1890 2121 hoec

426 2183 731 2222 ¹Monumenta
750 2182 952 2222 istiusmodi
971 2183 1233 2235 Sepulchrum,
1267 2184 1426 2223 duarum
1450 2200 1471 2223 v
1479 2186 1621 2225 idelicet
1639 2188 1892 2240 contignatio--

364 2256 472 2293 num,
507 2257 589 2296 quae
611 2244 700 2282 duas
721 2257 899 2292 cameram,
940 2244 1092 2282 alteram
1130 2245 1232 2283 alteri
1260 2245 1488 2297 impositam,
1523 2247 1732 2298 habebant,
1766 2263 1894 2301 graeca

363 2305 530 2354 nomine,
566 2305 717 2358 Distega
755 2304 1052 2357 appellabantur:
1087 2305 1132 2343 de
1169 2306 1304 2358 quibus
1326 2308 1361 2344 in
1392 2309 1549 2360 antiquis
1583 2309 1886 2362 Inscriptionibus

362 2366 598 2405 mentionem
621 2365 759 2405 factam
781 2366 982 2405 observavi.
1049 2367 1201 2406 Gruter.
1227 2381 1262 2420 p.
1292 2368 1393 2421 827,
1421 2371 1459 2408 6,
1500 2370 1538 2407 it.
1573 2372 1683 2422 Spon.
1718 2371 1888 2410 Miscelh

363 2439 402 2480 p.
437 2440 540 2481 291,
561 2440 660 2481 292³

1087 2506 1131 2548 12
1783 2490 1897 2549 sta-
