2425 3152
584 278 662 337 50
992 257 1477 317 TABULA
1565 259 1670 317 111.

581 362 689 420 Sed
735 361 975 420 mulieris
1027 362 1157 420 item
1203 364 1409 422 collum
1465 365 1739 436 catenula,
1785 361 1877 420 seu
1906 361 2098 421 monili

581 468 751 505 aureo
773 462 1032 504 ornatum
1051 447 1156 519 est3
1178 445 1414 522 ejusdem
1438 449 1600 528 plane
1616 446 1844 529 genem,
1865 468 1929 504 ac
1947 447 2099 526 quod

584 530 638 587 in
671 531 792 588 ollis
823 547 1073 588 veterum
1096 531 1546 611 sepulchralibu8‚
1591 554 1703 589 una
1740 553 1868 588 cum
1898 531 2099 589 ossibus

582 636 703 673 moi
707 632 931 672 tuorum
957 615 1231 673 interdum
1255 615 1540 673 conditum
1558 615 1860 695 reperitur&
1923 615 2098 698 Qod

582 720 714 755 vero
744 700 814 755 acl
846 720 959 754 rem
1000 699 1240 757 nostram
1271 699 1444 781 magis
1483 699 1737 792 pertinet,
1783 700 1851 756 de
1878 699 2100 779 pueruli

582 784 729 840 collo
780 784 932 840 bulla
984 804 1168 856 aurea,
1217 783 1572 864 ingenuitatis
1623 782 1849 864 infigne‚
1895 783 2100 863 depen-

582 868 717 924 dens
746 865 1012 940 cernitur3
1061 888 1186 946 quae
1217 889 1344 925 cum
1373 867 1569 940 forma,
1614 881 1736 925 tum
1764 866 2101 948 magnitudi-

582 950 666 1007 nis
695 950 1066 1030 proportione,
1113 973 1240 1008 cum
1263 951 1416 1008 bulla
1463 949 1560 1007 ista
1609 971 1891 1031 germana,
1935 971 2103 1030 quam

582 1035 744 1114 supra
773 1033 1021 1107 exhibui,
1068 1034 1286 1115 penitus
1315 1033 1588 1115 congruit.

669 1117 994 1201 Qinetiam
1025 1118 1241 1199 pueruli
1269 1118 1434 1194 hujus
1464 1134 1596 1200 toga
1625 1118 1897 1200 singulare
1943 1118 2102 1198 quid-

583 1202 713 1259 dam
763 1202 1025 1260 exhibere
1054 1203 1301 1276 videtur3
1372 1225 1503 1260 nam
1547 1202 1766 1260 fasciam
1818 1203 2102 1283 quandam

584 1288 770 1348 latam,
817 1287 982 1345 baltei
1021 1288 1090 1344 ad
1142 1287 1327 1360 instar,
1372 1302 1522 1344 trans
1573 1285 1801 1367 pe&ora
1851 1285 2103 1361 duclam,

583 1388 749 1450 atque
771 1373 1000 1429 alteram
1025 1372 1150 1429 inde
1172 1372 1408 1447 ejusdem
1427 1370 1640 1446 formae,
1685 1371 1938 1430 deorsum
1966 1392 2105 1452 pen-

582 1455 806 1513 dentem
856 1454 1142 1514 cernimus.
1250 1455 1429 1536 Atqui
1473 1457 1615 1513 hanc
1666 1456 1899 1513 eandem
1955 1471 2105 1537 togae

583 1538 848 1620 speciem
836 1563 891 1598 m
922 1539 1083 1598 aliis
1071 1558 1202 1598 item
1225 1563 1432 1621 paucls,
1464 1556 1520 1598 et
1548 1539 1795 1597 virorum
1836 1555 1892 1597 et
1916 1538 2104 1599 foemi-

585 1646 780 1681 narum
806 1625 995 1682 statuis
1025 1625 1339 1683 observavi·
1326 1654 1342 1696 3
1392 1625 1460 1681 de
1484 1646 1593 1704 qua
1616 1640 1801 1681 tamen
1828 1623 1964 1682 nihil
1983 1645 2105 1681 om-

585 1708 716 1766 nino
761 1710 913 1788 quod
958 1709 1143 1789 liquet,
1191 1731 1222 1766 a
1261 1708 1605 1789 scriptoribus
1648 1708 1912 1766 traditum
1951 1729 2109 1787 repe-v

586 1792 681 1850 rio,
772 1796 900 1850 Hoc
929 1793 1063 1850 mihi
1093 1810 1278 1851 tamen
1309 1792 1594 1850 verifimile
1624 1808 1870 1872 apparet,
1916 1790 2111 1849 fascias-

584 1877 761 1950 hasce‚
828 1892 975 1958 togae
1034 1877 1148 1952 ejus
1199 1899 1367 1957 quam
1390 1877 1634 1933 trabeam
1656 1878 1948 1937 vocabant,
1993 1874 2105 1932 for-

587 1983 733 2019 mam
780 1976 834 2018 et
856 1961 1134 2039 gestandae
1173 1983 1383 2018 morem
1407 1959 1661 2018 indicare.
1707 1960 1934 2017 Trabea
1957 1959 2104 2017 enirn

588 2045 719 2102 nihil
750 2044 903 2102 aliud
933 2062 1064 2107 erar,
1111 2068 1174 2103 ac
1205 2062 1351 2126 togae
1402 2045 1602 2124 species
1641 2045 1917 2124 quaedam,
1975 2065 2106 2124 pur-

588 2175 785 2212 rcticulum
806 2184 954 2225 tegmen
978 2175 1103 2226 capitis
1123 2174 1302 2213 muliebre
1321 2183 1439 2213 vocat.
1506 2174 1584 2226 [De
1598 2186 1702 2226 prop.
1723 2175 1840 2212 Serm.
1863 2186 1896 2211 e.
1922 2171 2005 2223 14.]
2024 2173 2107 2211 Ser-

591 2236 672 2273 vius
693 2236 818 2273 locum
840 2236 951 2273 istum
969 2236 1128 2287 Virgilii,
1163 2234 1288 2274 Crines
1319 2234 1501 2273 nodantur
1518 2234 1556 2272 in
1578 2248 1722 2281 aarum,
1756 2234 1801 2272 de
1831 2233 1962 2272 retiolo
1996 2247 2108 2272 aureo

588 2296 772 2348 intelligit,
806 2296 842 2333 in
865 2297 965 2347 quod
990 2297 1146 2334 Didonis
1170 2310 1287 2334 comae
1325 2296 1605 2347 colligebantur.
1673 2295 1782 2347 [AEn.
1805 2309 1845 2344 4.
1893 2292 2010 2346 138]
2041 2293 2108 2330 Ifi-

590 2357 698 2394 dorus
721 2367 845 2394 autem
866 2357 1077 2405 reticulum,
1102 2371 1174 2394 non
1197 2371 1217 2394 a
1235 2367 1324 2403 rete,
1359 2357 1419 2394 sed
1435 2356 1537 2408 quod
1554 2356 1670 2394 crines
1686 2355 1868 2403 retineret,
1915 2355 1965 2391 ita
1998 2367 2108 2391 voca-

591 2418 632 2466 ri,
656 2416 756 2455 haud
781 2420 874 2455 recle
897 2419 1103 2458 arbitratur.
1170 2418 1275 2469 Orig.
1299 2417 1322 2456 l.
1356 2432 1420 2469 19.
1446 2431 1513 2469 31.

649 2480 664 2525 ζ
698 2478 784 2517 Vid.
803 2480 993 2519 Ficcoron.
1008 2479 1095 2517 ibid.
1115 2478 1153 2518 it.
1173 2479 1302 2532 Beger.
1323 2478 1507 2517 Thesaur.
1536 2476 1718 2517 Brandeb.
1752 2476 1869 2515 Tom.
1887 2490 1924 2529 3.
1943 2488 1979 2527 p.
2002 2477 2105 2525 426„

1921 2533 2105 2614 puteis
