2425 3152
636 212 1128 287 TABULA
1199 214 1450 287 XVIII,
1696 243 1805 307 191

802 413 842 469 S
886 414 935 470 E
982 414 1031 471 C
1059 411 1150 473 T„
1224 415 1334 472 111.

466 562 653 622 Ertius
692 562 843 637 item,
885 564 1117 623 Semissis
1137 566 1231 637 est,
1274 565 1363 622 sed
1383 566 1634 648 rubigine
1662 570 1817 628 haud

492 670 693 730 parum
721 648 961 723 attritus,
1023 665 1079 708 et
1125 649 1214 707 cui
1246 649 1443 721 littera,
1485 654 1543 724 S,
1575 654 1817 712 vetusta·

295 750 350 793 te
367 733 489 810 jam
538 732 650 791 fere
678 732 919 792 evanuit.
1008 733 1120 792 Hic
1164 750 1352 793 autem
1404 736 1587 817 Pegafi
1636 737 1818 820 effigie

291 819 553 899 utrinque
596 817 840 899 {ignatus
871 817 977 875 est:
1023 819 1180 894 cujus
1219 819 1444 899 quidem
1494 821 1633 879 ratio
1662 823 1818 881 haud

295 904 576 984 explicatu
618 901 791 960 facilis
819 901 1059 976 videtur,
1105 902 1161 960 ni
1190 925 1320 961 cum
1367 906 1597 986 Regem,
1644 907 1818 989 Pega-

296 989 435 1061 sum,
479 1003 749 1067 tanquam
792 987 1050 1046 Corinthi
1094 987 1421 1068 symbolum,
1448 957 1546 1047 Dad
1577 991 1818 1072 Tarqui-

296 1071 373 1129 nii
405 1071 576 1138 Prisci,
626 1070 901 1129 Corintho
943 1071 1181 1146 oriundi,
1234 1072 1501 1154 origlnem
1541 1076 1821 1134 celebran-

295 1156 444 1229 dam,
488 1177 523 1213 a
550 1155 742 1213 Servio
781 1156 896 1232 ejus
926 1156 1216 1215 succeffore
1246 1172 1301 1214 et
1331 1157 1586 1250 privigno
1615 1160 1821 1218 adhibi-

295 1255 419 1299 tum
451 1238 1139 1338 censeamus¹.Q1ippe
1178 1242 1449 1322 Pegasum
1492 1264 1549 1299 m
1580 1245 1657 1322 Sy
1662 1266 1823 1302 racu-

295 1324 476 1383 sarum
504 1324 636 1382 item
666 1323 941 1383 nummis·
925 1369 944 1398 ‚
993 1347 1119 1406 quae
1163 1325 1417 1384 Corinthi
1446 1327 1664 1385 colonia
1693 1329 1819 1403 fuit,

296 1410 535 1490 persaepe
580 1409 852 1490 signatum
901 1432 1208 1468 cernimus·
1194 1454 1211 1482 ,
1279 1410 1503 1491 perinde
1535 1433 1598 1469 ac
1628 1411 1685 1469 in
1717 1416 1760 1470 F
1763 1436 1824 1471 3·

298 1493 577 1553 miliarum
621 1493 789 1552 etiam
833 1496 1222 1551 Romanarum
1260 1494 1565 1569 nonnulliS,
1611 1496 1667 1554 in
1697 1498 1823 1578 qui-

297 1578 402 1637 bus
460 1579 676 1652 litterae,
725 1598 888 1651 COR,
950 1578 1229 1636 interdum
1286 1578 1573 1659 inscriptae,
1619 1603 1711 1639 eos
1749 1584 1820 1640 ad

299 1663 641 1721 Corinthum
693 1662 1000 1744 respeehlm
1044 1663 1281 1743 aliquem
1339 1664 1561 1737 habere,
1635 1682 1689 1723 et
1731 1669 1820 1725 vel

297 1748 369 1806 ab
401 1746 637 1806 Achaiae
667 1749 928 1820 praetore,
974 1748 1062 1804 vel
1085 1747 1196 1805 alio
1226 1747 1423 1827 quovis
1476 1748 1823 1830 magistram,

237 1863 245 1872 «
299 1831 558 1890 Corinthi
609 1854 740 1891 cum
789 1830 1017 1913 imperio
1055 1832 1325 1913 degente,
1371 1833 1644 1913 percufl'os
1694 1834 1820 1907 effe,

300 1915 588 1975 indicant-⁰⁴.

362 2081 375 2099 ¹
410 2074 500 2113 Vid.
520 2071 703 2112 Thesaur.
724 2072 907 2112 Brandeb.
930 2073 1017 2112 Vol.
1044 2088 1082 2126 3.
1104 2086 1141 2125 p.
1165 2073 1233 2112 80.

361 2142 377 2159 ²
408 2135 495 2174 Vid.
519 2134 615 2175 sicil.
638 2134 674 2172 di
689 2133 787 2173 Phil.
822 2134 971 2181 Parum,
1013 2134 1173 2174 descritt.
1203 2147 1273 2171 con
1311 2132 1481 2186 Medagl.
1512 2146 1549 2185 p.
1592 2134 1663 2185 48.
1686 2136 1757 2175 &a
1778 2136 1818 2177 it,

300 2195 454 2236 Motell,
475 2194 664 2240 Thesaur.
693 2195 733 2238 in
756 2195 891 2236 Famil.
932 2195 1044 2235 Belli-a
1065 2206 1102 2235 et
1124 2194 1282 2235 Caecilia,
1318 2195 1418 2234 Tab.
1448 2208 1486 2234 2.
1505 2195 1671 2235 Numm.
1700 2199 1745 2236 A.
1770 2198 1818 2239 iu,

299 2257 343 2299 B.
363 2270 396 2298 c,

1502 2504 1823 2565 SECT,
