2425 3152
778 207 1294 267 TABULA
1383 208 1459 265 ΙΙ.
1806 230 1883 267 2}

452 316 675 375 Pueruli
705 317 870 392 hujus
900 317 1100 398 figura,
1146 332 1424 396 caputque
1468 337 1500 372 a
1545 315 1751 395 capillis
1781 339 1893 374 nu·-

367 402 522 475 dum‚
575 423 639 459 ac
686 423 884 481 corpus
931 403 1232 481 ligamento
1283 401 1545 481 quodam,
1615 416 1884 480 tanquam

365 485 610 558 vinculo,
653 483 1057 558 constri&um¹‚
1104 485 1185 543 uti
1226 505 1533 565 paucorum
1582 484 1886 540 admodum

365 568 581 626 dierum
613 585 834 627 aetatem
866 570 1154 642 denotant,
1201 569 1277 626 ita
1322 570 1472 626 hunc
1518 567 1782 624 lustrandi
1816 568 1884 625 ri-

364 668 486 711 tum
518 654 733 734 prorsus
764 653 1003 711 indicare
1026 653 1298 710 videntur.
1390 651 1615 736 Qippe
1654 673 1884 733 porcum

366 737 423 794 in
453 737 865 795 lustrationibus
894 737 1005 794 fere
1051 736 1323 797 omnibus,
1370 752 1537 816 atque
1568 735 1622 793 in
1671 735 1883 793 Cereris

364 821 659 902 praesertim
679 821 857 895 sacriS‚
902 821 1212 879 adhibitum
1239 820 1342 878 effe
1364 821 1576 901 liquet2.

371 952 408 1007 ’ς
470 951 690 1023 χοιξῖδᾪὸν
737 975 814 1019 μοι
849 951 912 1004 νῦν
938 952 1137 1006 δάνεια-σν
1167 956 1281 1023 τξέις
1312 949 1561 1021 ὃξοίχμας,

366 1040 447 1088 Δέι
474 1035 572 1107 γσίξ
601 1033 815 1102 μυηθῆναί
837 1058 915 1103 με,
963 1035 1056 1104 πξὶν
1087 1033 1356 1091 τεθνηκέναβ.

362 1119 471 1174 Da
498 1115 635 1173 mihi
653 1132 830 1174 mutuo
854 1131 964 1174 tres
979 1115 1283 1189 drachmas,
1305 1131 1366 1173 ut
1384 1113 1675 1196 porcellum
1694 1136 1893 1191 emam5

362 1202 527 1260 Nam
556 1202 774 1258 initiari
799 1222 880 1260 me
907 1215 1119 1283 oportet2
1161 1216 1449 1281 antequam
1476 1200 1627 1256 mori.

361 1329 452 1386 Ex
484 1351 599 1409 quo
630 1328 897 1404 conjicere
936 1327 1082 1401 licet,
1130 1329 1200 1385 ad
1229 1350 1395 1408 quem
1413 1326 1749 1408 poti'ffimum
1770 1327 1895 1384 De-

361 1434 526 1471 orum
554 1413 644 1471 hic
672 1412 982 1471 infantulus
1010 1434 1042 1470 a
1090 1412 1319 1470 muliere
1362 1411 1662 1470 initiandus
1709 1409 1894 1468 defer-

362 1512 488 1555 tur:
520 1497 724 1578 quippe
754 1519 826 1554 ex
856 1496 1007 1555 omni
1038 1496 1348 1555 coelestium
1399 1495 1577 1569 claffe,
1624 1497 1894 1553 Parentes-

363 1582 559 1639 Deum
587 1581 679 1639 fibi
710 1581 948 1661 aliquem
979 1602 1081 1661 pro
1110 1580 1334 1639 arbitrio
1350 1580 1570 1661 seligere
1589 1579 1893 1637 consueve-

362 1681 513 1739 runt,
559 1666 650 1723 cui
679 1665 783 1723 sese
813 1665 1117 1746 liberosque
1140 1665 1264 1722 suos
1295 1665 1571 1744 praecipue
1603 1685 1893 1721 commen-

362 1749 510 1823 dare,
556 1766 722 1830 atque
781 1749 836 1807 in
882 1752 1115 1807 tutelam
1175 1749 1325 1829 quafi
1376 1748 1593 1807 tradere
1654 1747 1880 1828 poffent.

361 1833 512 1891 Hinc
537 1833 799 1916 Caligula
830 1834 1100 1892 infantem
1120 1833 1211 1891 fibi
1236 1849 1449 1905 natam,¹
1478 1833 1702 1890 Liviam
1720 1836 1895 1890 Dru-⁷

342 1918 548 1997 fillum,
580 1934 685 2001 per
712 1922 944 1978 omnium
972 1922 1228 1977 Dearum
1257 1917 1452 1999 templa
1491 1915 1883 1994 circumtulff‘,

361 2028 660 2081 Chrysostomus,
695 2028 734 2066 in
751 2027 874 2067 balneo
893 2028 1110 2081 accipientes
1126 2027 1285 2066 nutrices
1308 2035 1344 2065 et
1365 2025 1521 2074 anczssae,
1547 2024 1665 2076 digito
1688 2024 1891 2076 tingentes„

359 2090 398 2127 in
416 2089 524 2141 pueri
532 2090 671 2141 fronte
687 2089 912 2141 imprimunt.
978 2088 1159 2143 Qidstbi
1178 2089 1262 2127 vult
1280 2088 1392 2126 lutum
1410 2108 1421 2134 5
1443 2086 1534 2138 quid
1547 2085 1713 2125 caenum?
1735 2086 1893 2124 Malum·

360 2150 506 2188 avertit
525 2150 675 2197 oculum,
709 2150 893 2201 inquiunt,
921 2150 1085 2197 livorem,
1124 2158 1159 2187 et
1195 2148 1387 2187 invidiam.
1452 2148 1539 2186 Vid.
1560 2148 1653 2187 Ibid.

424 2220 435 2235 ¹
471 2211 534 2250 Ab
554 2210 629 2249 hoc
649 2211 739 2249 lucis
760 2211 972 2249 rudimento
1003 2210 1205 2249 hominem
1229 2210 1377 2248 vincula
1399 2208 1612 2261 excipiunt,
1635 2218 1673 2246 et
1707 2208 1884 2247 omnium

359 2274 619 2311 membrorum
638 2285 765 2310 nexus.
801 2273 873 2310 ὅτε.
939 2271 1040 2310 Ρίίη.
1065 2273 1223 2311 Procem.
1245 2271 1284 2308 in
1308 2269 1371 2309 lib.
1391 2285 1431 2323 7.

421 2344 437 2360 2
456 2334 519 2372 Ab
543 2332 658 2372 Suillo
669 2345 801 2384 genere
811 2333 949 2384 pecoris
970 2333 1189 2371 immolandi
1207 2332 1354 2371 initium
1377 2330 1725 2383 sumptumvidetur
1742 2346 1760 2369 z·
1778 2330 1891 2381 cujus-

359 2394 521 2446 vestigia,
539 2395 641 2446 quod
658 2393 766 2432 initiis
786 2394 927 2433 Cereris
946 2394 1048 2447 porci
1065 2394 1318 2434 immolantur.
1343 2395 1455 2433 Varr.
1476 2390 1520 2430 de
1534 2390 1669 2445 rerqst.
1687 2390 1712 2432 l.
1730 2405 1767 2432 2.
1786 2404 1815 2430 c.
1838 2405 1880 2442 4.

420 2457 432 2481 ³
467 2454 657 2509 Aristoph.
681 2454 718 2493 in
737 2455 844 2497 Pace.
863 2469 898 2496 v,
922 2470 1031 2510 373,¹
