2425 3152
508 247 585 319 38
916 239 1401 301 TABULA
1490 244 1595 300 ΠΙ.

504 369 572 407 co
609 346 968 429 Agathemeri
1012 347 1366 428 cognomine,
1425 347 1792 429 adjutorisque
1837 348 2023 424 titulo,

505 454 618 513 quo
662 447 816 512 pater
853 430 1164 512 insignitur,
1218 433 1473 513 colligere
1512 431 1681 491 licet:
1749 433 2025 509 adjutores

505 516 650 574 enim
686 516 762 573 illi
818 515 1098 573 Caesarum
1149 515 1261 573 fere
1308 516 1484 574 liberti
1515 532 1691 591 erant,
1744 518 1838 598 qui
1882 518 2025 577 inter

507 603 731 659 Domus
743 600 1020 679 Augustae
1037 599 1232 667 officia,
1258 600 1514 659 vicariam
1529 601 1771 682 aliquam
1795 624 2022 684 operam

504 685 879 766 praestabant¹.

591 771 703 827 Hae
733 770 911 827 Bullae
947 790 1150 842 aureae,
1195 790 1267 827 ex
1306 770 1583 843 omnibUS,
1636 793 1761 851 quae
1795 771 1911 846 jam
1941 793 2025 829 re-

505 853 668 926 stant,
713 875 990 934 germanae
1024 853 1359 933 antiquitatis
1398 855 1788 928 monumentis,
1834 856 2024 913 rarissi-

503 960 610 995 mae
640 936 779 996 sunt.
872 936 1099 1019 Qippe
1122 959 1248 1016 quae
1277 959 1309 994 a
1338 937 1625 995 fossoribus
1652 939 1837 1019 egenis
1858 955 2024 1019 atque

503 1021 862 1080 esurientibus
912 1021 1065 1078 haud
1095 1020 1252 1078 citius
1292 1021 1530 1102 reperiri,
1597 1044 1764 1102 quam
1796 1022 1854 1080 in
1896 1023 2025 1081 usus

504 1105 752 1186 proprios
788 1104 1054 1178 converti,
1099 1120 1267 1185 atque
1301 1105 1509 1163 aurifici
1551 1106 1728 1164 statim
1773 1128 1874 1186 pro
1903 1106 2022 1165 auri

502 1189 704 1248 tantilli
750 1190 1010 1269 pondere,
1065 1189 1229 1246 vendi
1272 1189 1461 1248 solent.
1573 1190 1793 1247 Etenim
1826 1207 2025 1271 praeter

503 1276 649 1333 hanc
677 1296 867 1347 unam,
912 1275 1272 1354 alteramque,
1319 1296 1445 1354 quae
1484 1277 1689 1332 Romae
1715 1276 1899 1332 adhuc
1944 1275 2022 1332 as?-

503 1359 701 1417 servari
731 1359 945 1432 dicitur,
990 1358 1141 1416 haud
1165 1358 1326 1417 aliam
1372 1359 1584 1440 uspiam
1623 1375 1813 1417 extare
1842 1363 2022 1418 credo,

503 1443 757 1502 Alterius
786 1465 918 1500 vero
946 1442 1089 1501 illius
1118 1442 1357 1524 effigiem
1385 1443 1440 1501 in
1465 1445 1647 1501 lucem
1675 1443 1845 1502 edidit
1876 1446 2023 1502 Cau-

503 1529 668 1586 saeus²
680 1551 693 1599 3
737 1528 867 1586 huic
900 1527 1101 1585 nostrae
1131 1527 1478 1602 simillimam,
1525 1528 1632 1585 sive
1671 1529 1902 1586 eandem
1925 1550 2025 1609 po-

502 1614 625 1674 tius,
646 1612 741 1671 nisi
766 1613 917 1693 quod
941 1611 1034 1670 illa
1056 1614 1302 1670 CATULI
1325 1634 1528 1671 nomen
1548 1611 1865 1693 inscriptum
1884 1634 2024 1693 prae-

503 1697 664 1771 ferat,
713 1698 895 1755 nostra
934 1697 1092 1754 nullo
1136 1695 1362 1754 nomine
1405 1696 1658 1755 litterisve
1705 1696 1913 1777 signata
1944 1696 2019 1755 fit.

503 1785 594 1840 Ex
625 1784 729 1840 hac
772 1798 960 1839 autem
1011 1802 1195 1837 rerum
1227 1780 1365 1838 inter
1392 1782 1443 1838 se
1476 1781 1608 1839 alias
1632 1780 2025 1839 fimillimarum

504 1866 832 1939 differentia,
889 1863 1198 1939 conje&are
1245 1865 1545 1945 possumus,
1592 1865 1748 1923 istam
1786 1865 2023 1924 nominis

506 1950 927 2031 inscriptionem,
975 1950 1042 2006 de
1072 1971 1180 2029 qua
1205 1951 1417 2007 nullam
1457 1949 1671 2031 prorsus
1694 1950 1843 2030 apud
1873 1964 2024 2007 vete-

544 2123 575 2186 i2.
599 2118 796 2185 Algiiiivo.
1028 2116 1189 2182 FAsTvE'
1207 2116 1302 2182 iiim.
1326 2155 1398 2182 ΜΒ.
1516 2155 1554 2183 T.
1576 2115 1726 2183 AELniss
1744 2115 1965 2183 Bgffigpmvs,

538 2196 607 2223 Lis.
629 2197 685 2224 AG
698 2196 807 2223 ΠΗΕ.
1026 2194 1217 2222 Αῡῐντοκ,
1233 2194 1289 2223 ΑΒ.
1310 2194 1386 2222 Epis
1541 2194 1636 2222 Avo.
1664 2194 1733 2222 Lm.
1758 2193 1946 2221 ADIVTOR

536 2235 646 2262 MERI.
670 2236 807 2262 ADIVT.
1103 2233 1231 2261 TVLIS.
1274 2235 1322 2260 «Sec.
1548 2234 1584 2260 A.
1608 2233 1852 2261 RATIONIBVS.
1880 2234 1928 2260 ὅτε.

526 2274 582 2302 ΑΒ.
604 2274 719 2301 EPIsT.
743 2274 790 2300 LA
802 2274 830 2301 Γ.

506 2318 588 2357 Has
614 2317 864 2368 inscriptiones
887 2329 960 2353 una
978 2328 1067 2352 cum
1086 2315 1212 2354 multis
1235 2315 1311 2353 aliis
1337 2315 1501 2367 ejusdem
1523 2315 1663 2368 generis
1683 2314 1804 2353 videre
1821 2314 1907 2352 licet
1925 2313 2022 2366 apud

505 2379 650 2418 Fabret.
685 2377 856 2428 Infi'ript.
880 2375 1038 2427 Antiqu.
1079 2391 1115 2428 p.
1143 2391 1195 2429 34
1204 2390 1241 2428 5.

567 2449 582 2464 ²
617 2438 702 2479 Vid.
725 2439 828 2478 Mus.
853 2439 1016 2478 Roman.
1040 2436 1165 2477 Mich.
1199 2436 1350 2476 Causaei.
1374 2451 1410 2490 p.
1445 2451 1539 2489 103.
1569 2435 1651 2489 Fig.
1677 2437 1715 2475 6.

1942 2516 2024 2552 res
2081 2568 2083 2570 ,
