<?xml version="1.0" encoding="UTF-8"?>
<!DOCTYPE html PUBLIC "-//W3C//DTD XHTML 1.0 Transitional//EN"
    "http://www.w3.org/TR/xhtml1/DTD/xhtml1-transitional.dtd">
<html xmlns="http://www.w3.org/1999/xhtml" xml:lang="en" lang="en">
 <head>
  <title>
</title>
<meta http-equiv="Content-Type" content="text/html;charset=utf-8" />
  <meta name='ocr-system' content='tesseract 3.04.00' />
  <meta name='ocr-capabilities' content='ocr_page ocr_carea ocr_par ocr_line ocrx_word'/>
</head>
<body>
  <div class='ocr_page' id='page_1' title='image "./germanaquaedaman00midd_0015.png"; bbox 0 0 2425 3152; ppageno 0'>
   <div class='ocr_carea' id='block_1_1' title="bbox 973 217 1175 297">
    <p class='ocr_par' dir='ltr' id='par_1_1' title="bbox 973 217 1175 297">
     <span class='ocr_line' id='line_1_1' title="bbox 973 217 1175 297; baseline -0.005 -21"><span class='ocrx_word' id='word_1_1' title='bbox 973 217 1175 297; x_wconf 74' lang='lat' dir='ltr'>(vii)</span> 
     </span>
    </p>
   </div>
   <div class='ocr_carea' id='block_1_2' title="bbox 315 489 1838 630">
    <p class='ocr_par' dir='ltr' id='par_1_2' title="bbox 315 489 1838 630">
     <span class='ocr_line' id='line_1_2' title="bbox 315 489 1838 630; baseline -0.003 0"><span class='ocrx_word' id='word_1_2' title='bbox 315 489 1838 630; x_wconf 77' lang='lat' dir='ltr'><strong>PRAEFATIO.</strong></span> 
     </span>
    </p>
   </div>
   <div class='ocr_carea' id='block_1_3' title="bbox 302 827 1843 2568">
    <p class='ocr_par' dir='ltr' id='par_1_3' title="bbox 302 827 1842 1920">
     <span class='ocr_line' id='line_1_3' title="bbox 492 827 1833 903; baseline -0.004 -14"><span class='ocrx_word' id='word_1_3' title='bbox 492 831 559 889; x_wconf 84' lang='lat' dir='ltr'><em>U</em></span> <span class='ocrx_word' id='word_1_4' title='bbox 563 831 659 887; x_wconf 94' lang='lat' dir='ltr'><em>M</em></span> <span class='ocrx_word' id='word_1_5' title='bbox 690 828 1014 887; x_wconf 84' lang='lat' dir='ltr'><em>valetudinis</em></span> <span class='ocrx_word' id='word_1_6' title='bbox 1062 827 1183 885; x_wconf 86' lang='lat' dir='ltr'><em>olim</em></span> <span class='ocrx_word' id='word_1_7' title='bbox 1240 827 1614 903; x_wconf 55' lang='lat' dir='ltr'><em>confirmandae</em></span> <span class='ocrx_word' id='word_1_8' title='bbox 1658 828 1833 903; x_wconf 75' lang='lat' dir='ltr'><em>causa,</em></span> 
     </span>
     <span class='ocr_line' id='line_1_4' title="bbox 513 911 1839 990; baseline -0.002 -20"><span class='ocrx_word' id='word_1_9' title='bbox 513 913 690 972; x_wconf 69' lang='lat' dir='ltr'><em>caelum</em></span> <span class='ocrx_word' id='word_1_10' title='bbox 738 928 970 986; x_wconf 82' lang='lat' dir='ltr'><em>mutare,</em></span> <span class='ocrx_word' id='word_1_11' title='bbox 1044 927 1094 969; x_wconf 92' lang='lat' dir='ltr'><em>et</em></span> <span class='ocrx_word' id='word_1_12' title='bbox 1149 911 1461 969; x_wconf 89' lang='lat' dir='ltr'><em>litterarum</em></span> <span class='ocrx_word' id='word_1_13' title='bbox 1495 912 1694 990; x_wconf 80' lang='lat' dir='ltr'><em>studiis</em></span> <span class='ocrx_word' id='word_1_14' title='bbox 1736 912 1839 969; x_wconf 87' lang='lat' dir='ltr'><em>ali-</em></span> 
     </span>
     <span class='ocr_line' id='line_1_5' title="bbox 316 994 1836 1080; baseline -0.003 -24"><span class='ocrx_word' id='word_1_15' title='bbox 316 999 556 1080; x_wconf 80' lang='lat' dir='ltr'><em>quandiu</em></span> <span class='ocrx_word' id='word_1_16' title='bbox 604 996 855 1079; x_wconf 82' lang='lat' dir='ltr'><em>deposttis‚</em></span> <span class='ocrx_word' id='word_1_17' title='bbox 911 1012 1137 1078; x_wconf 78' lang='lat' dir='ltr'><em>peregre</em></span> <span class='ocrx_word' id='word_1_18' title='bbox 1178 996 1441 1077; x_wconf 81' lang='lat' dir='ltr'><em>proficisci</em></span> <span class='ocrx_word' id='word_1_19' title='bbox 1487 994 1836 1073; x_wconf 68' lang='lat' dir='ltr'><em>decrevfflm,</em></span> 
     </span>
     <span class='ocr_line' id='line_1_6' title="bbox 316 1081 1840 1151; baseline -0.003 -11"><span class='ocrx_word' id='word_1_20' title='bbox 316 1099 431 1140; x_wconf 90' lang='lat' dir='ltr'><em>tum</em></span> <span class='ocrx_word' id='word_1_21' title='bbox 451 1084 537 1139; x_wconf 83' lang='lat' dir='ltr'><em>ad</em></span> <span class='ocrx_word' id='word_1_22' title='bbox 556 1081 780 1139; x_wconf 87' lang='lat' dir='ltr'><em>Italiam</em></span> <span class='ocrx_word' id='word_1_23' title='bbox 807 1081 945 1139; x_wconf 89' lang='lat' dir='ltr'><em>illico</em></span> <span class='ocrx_word' id='word_1_24' title='bbox 977 1083 1082 1137; x_wconf 87' lang='lat' dir='ltr'><em>iter</em></span> <span class='ocrx_word' id='word_1_25' title='bbox 1109 1081 1339 1151; x_wconf 81' lang='lat' dir='ltr'><em>tendere,</em></span> <span class='ocrx_word' id='word_1_26' title='bbox 1381 1101 1446 1136; x_wconf 90' lang='lat' dir='ltr'><em>ac</em></span> <span class='ocrx_word' id='word_1_27' title='bbox 1482 1081 1664 1136; x_wconf 72' lang='lat' dir='ltr'><em>Romae</em></span> <span class='ocrx_word' id='word_1_28' title='bbox 1692 1081 1840 1136; x_wconf 78' lang='lat' dir='ltr'><em>urbi-</em></span> 
     </span>
     <span class='ocr_line' id='line_1_7' title="bbox 315 1163 1837 1258; baseline -0.003 -33"><span class='ocrx_word' id='word_1_29' title='bbox 315 1188 408 1225; x_wconf 90' lang='lat' dir='ltr'><em>um</em></span> <span class='ocrx_word' id='word_1_30' title='bbox 433 1165 769 1242; x_wconf 80' lang='lat' dir='ltr'><em>amoenifflmae</em></span> <span class='ocrx_word' id='word_1_31' title='bbox 812 1166 994 1238; x_wconf 80' lang='lat' dir='ltr'><em>otiari,</em></span> <span class='ocrx_word' id='word_1_32' title='bbox 1045 1163 1181 1221; x_wconf 83' lang='lat' dir='ltr'><em>mihi</em></span> <span class='ocrx_word' id='word_1_33' title='bbox 1224 1179 1351 1221; x_wconf 90' lang='lat' dir='ltr'><em>ante</em></span> <span class='ocrx_word' id='word_1_34' title='bbox 1395 1165 1572 1220; x_wconf 90' lang='lat' dir='ltr'><em>omnia</em></span> <span class='ocrx_word' id='word_1_35' title='bbox 1614 1164 1837 1258; x_wconf 75' lang='lat' dir='ltr'><em>placuit.</em></span> 
     </span>
     <span class='ocr_line' id='line_1_8' title="bbox 319 1248 1841 1325; baseline -0.004 -15"><span class='ocrx_word' id='word_1_36' title='bbox 319 1254 400 1310; x_wconf 86' lang='lat' dir='ltr'><em>Ut</em></span> <span class='ocrx_word' id='word_1_37' title='bbox 444 1251 528 1308; x_wconf 88' lang='lat' dir='ltr'><em>aa&#39;</em></span> <span class='ocrx_word' id='word_1_38' title='bbox 545 1249 699 1307; x_wconf 85' lang='lat' dir='ltr'><em>illam</em></span> <span class='ocrx_word' id='word_1_39' title='bbox 747 1264 929 1307; x_wconf 88' lang='lat' dir='ltr'><em>autem</em></span> <span class='ocrx_word' id='word_1_40' title='bbox 956 1248 1146 1325; x_wconf 80' lang='lat' dir='ltr'><em>acceffl,</em></span> <span class='ocrx_word' id='word_1_41' title='bbox 1191 1248 1292 1306; x_wconf 89' lang='lat' dir='ltr'><em>loci</em></span> <span class='ocrx_word' id='word_1_42' title='bbox 1330 1248 1607 1305; x_wconf 81' lang='lat' dir='ltr'><em>admonitu</em></span> <span class='ocrx_word' id='word_1_43' title='bbox 1651 1249 1841 1305; x_wconf 79' lang='lat' dir='ltr'><em>incita-</em></span> 
     </span>
     <span class='ocr_line' id='line_1_9' title="bbox 317 1332 1839 1418; baseline -0.003 -25"><span class='ocrx_word' id='word_1_44' title='bbox 317 1351 422 1408; x_wconf 86' lang='lat' dir='ltr'><em>tus,</em></span> <span class='ocrx_word' id='word_1_45' title='bbox 449 1333 851 1418; x_wconf 80' lang='lat' dir='ltr'><em>splendorisque</em></span> <span class='ocrx_word' id='word_1_46' title='bbox 901 1333 1011 1408; x_wconf 88' lang='lat' dir='ltr'><em>ejus</em></span> <span class='ocrx_word' id='word_1_47' title='bbox 1039 1332 1211 1414; x_wconf 77' lang='lat' dir='ltr'><em>prisci</em></span> <span class='ocrx_word' id='word_1_48' title='bbox 1257 1334 1564 1391; x_wconf 79' lang='lat' dir='ltr'><em>memoriam</em></span> <span class='ocrx_word' id='word_1_49' title='bbox 1593 1332 1839 1405; x_wconf 76' lang='lat' dir='ltr'><em>recolens,</em></span> 
     </span>
     <span class='ocr_line' id='line_1_10' title="bbox 318 1417 1841 1512; baseline -0.003 -35"><span class='ocrx_word' id='word_1_50' title='bbox 318 1441 419 1478; x_wconf 87' lang='lat' dir='ltr'><em>non</em></span> <span class='ocrx_word' id='word_1_51' title='bbox 448 1433 564 1476; x_wconf 92' lang='lat' dir='ltr'><em>tam</em></span> <span class='ocrx_word' id='word_1_52' title='bbox 591 1419 676 1476; x_wconf 86' lang='lat' dir='ltr'><em>ad</em></span> <span class='ocrx_word' id='word_1_53' title='bbox 697 1440 840 1476; x_wconf 79' lang='lat' dir='ltr'><em>novae</em></span> <span class='ocrx_word' id='word_1_54' title='bbox 878 1419 1027 1475; x_wconf 78' lang='lat' dir='ltr'><em>urbis</em></span> <span class='ocrx_word' id='word_1_55' title='bbox 1054 1432 1389 1512; x_wconf 81' lang='lat' dir='ltr'><em>ornamenta,</em></span> <span class='ocrx_word' id='word_1_56' title='bbox 1451 1417 1733 1497; x_wconf 78' lang='lat' dir='ltr'><em>magnifica</em></span> <span class='ocrx_word' id='word_1_57' title='bbox 1777 1439 1841 1474; x_wconf 85' lang='lat' dir='ltr'><em>ea</em></span> 
     </span>
     <span class='ocr_line' id='line_1_11' title="bbox 318 1501 1841 1584; baseline -0.003 -23"><span class='ocrx_word' id='word_1_58' title='bbox 318 1504 530 1584; x_wconf 83' lang='lat' dir='ltr'><em>quidem</em></span> <span class='ocrx_word' id='word_1_59' title='bbox 557 1517 609 1560; x_wconf 90' lang='lat' dir='ltr'><em>et</em></span> <span class='ocrx_word' id='word_1_60' title='bbox 620 1503 880 1584; x_wconf 79' lang='lat' dir='ltr'><em>superba,</em></span> <span class='ocrx_word' id='word_1_61' title='bbox 923 1523 1085 1582; x_wconf 83' lang='lat' dir='ltr'><em>quam</em></span> <span class='ocrx_word' id='word_1_62' title='bbox 1113 1503 1196 1559; x_wconf 78' lang='lat' dir='ltr'><em>ad</em></span> <span class='ocrx_word' id='word_1_63' title='bbox 1241 1503 1450 1582; x_wconf 77' lang='lat' dir='ltr'><em>antiqu</em></span> <span class='ocrx_word' id='word_1_64' title='bbox 1436 1525 1478 1558; x_wconf 84' lang='grc' dir='ltr'><em>ι</em></span> <span class='ocrx_word' id='word_1_65' title='bbox 1516 1501 1732 1581; x_wconf 80' lang='lat' dir='ltr'><em>vestigia</em></span> <span class='ocrx_word' id='word_1_66' title='bbox 1789 1516 1841 1558; x_wconf 88' lang='lat' dir='ltr'><em>et</em></span> 
     </span>
     <span class='ocr_line' id='line_1_12' title="bbox 319 1585 1842 1668; baseline -0.002 -23"><span class='ocrx_word' id='word_1_67' title='bbox 319 1601 654 1645; x_wconf 86' lang='lat' dir='ltr'><em>monumenta</em></span> <span class='ocrx_word' id='word_1_68' title='bbox 665 1588 1055 1668; x_wconf 83' lang='lat' dir='ltr'><em>perquirenda,</em></span> <span class='ocrx_word' id='word_1_69' title='bbox 1088 1601 1274 1644; x_wconf 81' lang='lat' dir='ltr'><em>memet</em></span> <span class='ocrx_word' id='word_1_70' title='bbox 1303 1585 1499 1643; x_wconf 88' lang='lat' dir='ltr'><em>contuli</em></span> <span class='ocrx_word' id='word_1_71' title='bbox 1516 1610 1534 1640; x_wconf 93' lang='grc'><em>.·</em></span> <span class='ocrx_word' id='word_1_72' title='bbox 1580 1607 1696 1665; x_wconf 75' lang='lat' dir='ltr'><em>quae</em></span> <span class='ocrx_word' id='word_1_73' title='bbox 1723 1587 1842 1667; x_wconf 76' lang='lat' dir='ltr'><em>qui-</em></span> 
     </span>
     <span class='ocr_line' id='line_1_13' title="bbox 319 1671 1842 1751; baseline -0.002 -22"><span class='ocrx_word' id='word_1_74' title='bbox 319 1673 438 1729; x_wconf 88' lang='lat' dir='ltr'><em>dem</em></span> <span class='ocrx_word' id='word_1_75' title='bbox 466 1672 663 1743; x_wconf 89' lang='lat' dir='ltr'><em>omnia,</em></span> <span class='ocrx_word' id='word_1_76' title='bbox 729 1671 935 1750; x_wconf 83' lang='lat' dir='ltr'><em>etiamst</em></span> <span class='ocrx_word' id='word_1_77' title='bbox 973 1671 1043 1728; x_wconf 83' lang='lat' dir='ltr'><em>ab</em></span> <span class='ocrx_word' id='word_1_78' title='bbox 1092 1671 1216 1728; x_wconf 78' lang='lat' dir='ltr'><em>aliis</em></span> <span class='ocrx_word' id='word_1_79' title='bbox 1271 1671 1533 1751; x_wconf 77' lang='lat' dir='ltr'><em>descripta</em></span> <span class='ocrx_word' id='word_1_80' title='bbox 1590 1691 1842 1750; x_wconf 81' lang='lat' dir='ltr'><em>magnam</em></span> 
     </span>
     <span class='ocr_line' id='line_1_14' title="bbox 302 1753 1841 1839; baseline -0.002 -26"><span class='ocrx_word' id='word_1_81' title='bbox 302 1755 420 1839; x_wconf 79' lang='lat' dir='ltr'><em>saep</em></span> <span class='ocrx_word' id='word_1_82' title='bbox 422 1778 449 1813; x_wconf 91' lang='lat' dir='ltr'><em>e</em></span> <span class='ocrx_word' id='word_1_83' title='bbox 475 1755 795 1836; x_wconf 84' lang='lat' dir='ltr'><em>voluptatem</em></span> <span class='ocrx_word' id='word_1_84' title='bbox 849 1755 1043 1836; x_wconf 78' lang='lat' dir='ltr'><em>legenti</em></span> <span class='ocrx_word' id='word_1_85' title='bbox 1067 1770 1233 1812; x_wconf 88' lang='lat' dir='ltr'><em>antea</em></span> <span class='ocrx_word' id='word_1_86' title='bbox 1283 1753 1551 1833; x_wconf 71' lang='lat' dir='ltr'><em>dechſjent‚</em></span> <span class='ocrx_word' id='word_1_87' title='bbox 1596 1769 1657 1811; x_wconf 91' lang='lat' dir='ltr'><em>at</em></span> <span class='ocrx_word' id='word_1_88' title='bbox 1683 1754 1841 1811; x_wconf 84' lang='lat' dir='ltr'><em>oculis</em></span> 
     </span>
     <span class='ocr_line' id='line_1_15' title="bbox 319 1837 1842 1920; baseline -0.001 -24"><span class='ocrx_word' id='word_1_89' title='bbox 319 1855 498 1897; x_wconf 88' lang='lat' dir='ltr'><em>tamen</em></span> <span class='ocrx_word' id='word_1_90' title='bbox 499 1839 768 1916; x_wconf 66' lang='lat' dir='ltr'><em>sitbjec‘t&#39;a,</em></span> <span class='ocrx_word' id='word_1_91' title='bbox 814 1840 1065 1915; x_wconf 89' lang='lat' dir='ltr'><em>majorem</em></span> <span class='ocrx_word' id='word_1_92' title='bbox 1093 1837 1229 1897; x_wconf 79' lang='lat' dir='ltr'><em>mihi</em></span> <span class='ocrx_word' id='word_1_93' title='bbox 1254 1838 1418 1920; x_wconf 79' lang='lat' dir='ltr'><em>longe,</em></span> <span class='ocrx_word' id='word_1_94' title='bbox 1463 1860 1549 1896; x_wconf 86' lang='lat' dir='ltr'><em>res</em></span> <span class='ocrx_word' id='word_1_95' title='bbox 1570 1838 1758 1920; x_wconf 77' lang='lat' dir='ltr'><em>ipsas</em></span> <span class='ocrx_word' id='word_1_96' title='bbox 1713 1860 1842 1914; x_wconf 82' lang='lat' dir='ltr'><em>Jam</em></span> 
     </span>
    </p>

    <p class='ocr_par' dir='ltr' id='par_1_4' title="bbox 321 1923 1843 2568">
     <span class='ocr_line' id='line_1_16' title="bbox 321 1923 1170 2017; baseline 0 -37"><span class='ocrx_word' id='word_1_97' title='bbox 321 1924 709 2017; x_wconf 73' lang='lat' dir='ltr'><em>contemplanti,</em></span> <span class='ocrx_word' id='word_1_98' title='bbox 744 1925 985 2005; x_wconf 61' lang='lat' dir='ltr'><em>praebere</em></span> <span class='ocrx_word' id='word_1_99' title='bbox 1012 1923 1170 2003; x_wconf 86' lang='lat' dir='ltr'><em>sensi.</em></span> 
     </span>
     <span class='ocr_line' id='line_1_17' title="bbox 405 2007 1841 2088; baseline -0.001 -23"><span class='ocrx_word' id='word_1_100' title='bbox 405 2010 474 2065; x_wconf 85' lang='lat' dir='ltr'><em>ln</em></span> <span class='ocrx_word' id='word_1_101' title='bbox 503 2008 605 2065; x_wconf 82' lang='lat' dir='ltr'><em>hac</em></span> <span class='ocrx_word' id='word_1_102' title='bbox 632 2009 798 2088; x_wconf 79' lang='lat' dir='ltr'><em>igitur</em></span> <span class='ocrx_word' id='word_1_103' title='bbox 839 2009 1182 2087; x_wconf 77' lang='lat' dir='ltr'><em>antiquitatis</em></span> <span class='ocrx_word' id='word_1_104' title='bbox 1226 2007 1652 2088; x_wconf 77' lang='lat' dir='ltr'><em>contemplatione</em></span> <span class='ocrx_word' id='word_1_105' title='bbox 1686 2020 1841 2087; x_wconf 57' lang='lat' dir='ltr'><em>paene</em></span> 
     </span>
     <span class='ocr_line' id='line_1_18' title="bbox 322 2091 1841 2172; baseline -0.001 -24"><span class='ocrx_word' id='word_1_106' title='bbox 322 2093 540 2166; x_wconf 79' lang='lat' dir='ltr'><em>defixus,</em></span> <span class='ocrx_word' id='word_1_107' title='bbox 576 2091 817 2172; x_wconf 82' lang='lat' dir='ltr'><em>paucula</em></span> <span class='ocrx_word' id='word_1_108' title='bbox 830 2091 1023 2168; x_wconf 84' lang='lat' dir='ltr'><em>statim</em></span> <span class='ocrx_word' id='word_1_109' title='bbox 1067 2092 1328 2171; x_wconf 63' lang='lat' dir='ltr'><em>quaedam,</em></span> <span class='ocrx_word' id='word_1_110' title='bbox 1392 2113 1455 2147; x_wconf 72' lang='lat' dir='ltr'><em>ex</em></span> <span class='ocrx_word' id='word_1_111' title='bbox 1503 2092 1652 2147; x_wconf 73' lang='lat' dir='ltr'><em>urbis</em></span> <span class='ocrx_word' id='word_1_112' title='bbox 1681 2113 1712 2146; x_wconf 92' lang='lat' dir='ltr'><em>r</em></span> <span class='ocrx_word' id='word_1_113' title='bbox 1713 2091 1841 2146; x_wconf 77' lang='lat' dir='ltr'><em>ude-</em></span> 
     </span>
     <span class='ocr_line' id='line_1_19' title="bbox 323 2174 1841 2255; baseline -0.001 -23"><span class='ocrx_word' id='word_1_114' title='bbox 323 2176 470 2232; x_wconf 79' lang='lat' dir='ltr'><em>ribus</em></span> <span class='ocrx_word' id='word_1_115' title='bbox 498 2174 699 2254; x_wconf 69' lang='lat' dir='ltr'><em>ffoffiz,</em></span> <span class='ocrx_word' id='word_1_116' title='bbox 722 2177 926 2232; x_wconf 90' lang='lat' dir='ltr'><em>artium</em></span> <span class='ocrx_word' id='word_1_117' title='bbox 942 2190 1181 2233; x_wconf 82' lang='lat' dir='ltr'><em>veterum</em></span> <span class='ocrx_word' id='word_1_118' title='bbox 1192 2175 1506 2255; x_wconf 74' lang='lat' dir='ltr'><em>specimina,</em></span> <span class='ocrx_word' id='word_1_119' title='bbox 1537 2191 1841 2254; x_wconf 69' lang='lat' dir='ltr'><em>rituumque</em></span> 
     </span>
     <span class='ocr_line' id='line_1_20' title="bbox 322 2257 1842 2341; baseline -0.001 -25"><span class='ocrx_word' id='word_1_120' title='bbox 322 2274 559 2316; x_wconf 75' lang='lat' dir='ltr'><em>zeterum</em></span> <span class='ocrx_word' id='word_1_121' title='bbox 586 2258 937 2337; x_wconf 86' lang='lat' dir='ltr'><em>instrumenta</em></span> <span class='ocrx_word' id='word_1_122' title='bbox 980 2281 1201 2316; x_wconf 77' lang='lat' dir='ltr'><em>coemere</em></span> <span class='ocrx_word' id='word_1_123' title='bbox 1232 2274 1613 2341; x_wconf 71' lang='lat' dir='ltr'><em>capiatque</em></span> <span class='ocrx_word' id='word_1_124' title='bbox 1663 2259 1732 2314; x_wconf 74' lang='lat' dir='ltr'><em>ab</em></span> <span class='ocrx_word' id='word_1_125' title='bbox 1761 2257 1842 2315; x_wconf 69' lang='lat' dir='ltr'><em>his</em></span> 
     </span>
     <span class='ocr_line' id='line_1_21' title="bbox 322 2342 1843 2424; baseline -0.001 -24"><span class='ocrx_word' id='word_1_126' title='bbox 322 2345 512 2416; x_wconf 81' lang='lat' dir='ltr'><em>initiis,</em></span> <span class='ocrx_word' id='word_1_127' title='bbox 567 2342 910 2418; x_wconf 76' lang='lat' dir='ltr'><em>sarcinulam</em></span> <span class='ocrx_word' id='word_1_128' title='bbox 947 2342 1238 2424; x_wconf 75' lang='lat' dir='ltr'><em>paullatim</em></span> <span class='ocrx_word' id='word_1_129' title='bbox 1282 2344 1576 2423; x_wconf 74' lang='lat' dir='ltr'><em>quandam,</em></span> <span class='ocrx_word' id='word_1_130' title='bbox 1639 2364 1746 2399; x_wconf 72' lang='lat' dir='ltr'><em>cua</em></span> <span class='ocrx_word' id='word_1_131' title='bbox 1785 2344 1843 2399; x_wconf 88' lang='lat' dir='ltr'><em>in</em></span> 
     </span>
     <span class='ocr_line' id='line_1_22' title="bbox 325 2426 1841 2507; baseline -0.001 -23"><span class='ocrx_word' id='word_1_132' title='bbox 325 2426 582 2507; x_wconf 76' lang='lat' dir='ltr'><em>Angliam</em></span> <span class='ocrx_word' id='word_1_133' title='bbox 610 2427 827 2484; x_wconf 80' lang='lat' dir='ltr'><em>tandem</em></span> <span class='ocrx_word' id='word_1_134' title='bbox 855 2427 1142 2506; x_wconf 57' lang='lat' dir='ltr'><em>instructus</em></span> <span class='ocrx_word' id='word_1_135' title='bbox 1171 2430 1420 2499; x_wconf 61' lang='lat' dir='ltr'><em>murem,</em></span> <span class='ocrx_word' id='word_1_136' title='bbox 1473 2427 1710 2507; x_wconf 62' lang='lat' dir='ltr'><em>colligere</em></span> <span class='ocrx_word' id='word_1_137' title='bbox 1724 2427 1841 2505; x_wconf 83' lang='lat' dir='ltr'><em>sta-</em></span> 
     </span>
     <span class='ocr_line' id='line_1_23' title="bbox 1063 2526 1842 2568; baseline -0.003 0"><span class='ocrx_word' id='word_1_138' title='bbox 1063 2534 1094 2568; x_wconf 69' lang='grc' dir='ltr'><em>ξι</em></span> <span class='ocrx_word' id='word_1_139' title='bbox 1130 2533 1162 2568; x_wconf 86' lang='lat'>2</span> <span class='ocrx_word' id='word_1_140' title='bbox 1734 2526 1842 2566; x_wconf 72' lang='lat' dir='ltr'><em>lul:</em></span> 
     </span>
    </p>
   </div>
  </div>
 </body>
</html>
