2425 3152
541 258 658 313 190
897 233 1382 297 TABULA
1469 235 1703 294 XVIII.

536 356 787 400 mentum
818 338 1004 413 fuerit,
1044 339 1195 420 quod
1235 340 1404 414 juxta
1449 337 1718 397 Mercurii
1756 352 1926 420 caput
1959 360 2057 397 ex-

537 427 811 506 sculptum
845 423 1139 505 prominet,
1187 422 1323 481 nihil
1353 422 1503 481 aliud
1527 423 1630 482 effe
1661 447 1693 482 a
1723 423 1848 482 viris
1877 421 2058 482 dodffis

538 525 788 592 putatur,
841 532 904 566 ac
935 524 1066 566 nota
1097 507 1376 588 quaedam,
1429 530 1540 587 qua
1564 507 1686 566 aeris
1710 506 1954 590 signandi
1972 530 2060 566 ar-

537 594 721 654 filices,
783 592 1061 651 officinam
1111 591 1339 673 quisque
1384 592 1557 666 suam,
1627 613 1756 650 nam
1821 608 2061 673 quatuor

540 681 741 735 Romae
772 677 1029 735 institutae
1055 676 1338 750 dicuntur,
1384 699 1486 758 pro
1506 676 1730 736 arbitrio
1759 676 2062 758 distingue-

540 785 597 825 re
622 763 1040 820 consueverunt.

625 846 817 904 Affem
849 846 1211 925 antiquorum
1242 846 1509 917 libralem,
1555 844 1746 903 uncias
1772 844 1894 903 aeris
1919 845 2062 903 duo-

541 931 737 1003 decim,
782 945 836 987 et
866 931 1108 1010 pondere
1139 945 1193 986 et
1243 930 1419 1010 pretio
1470 929 1792 1009 exaequaffe,
1859 929 2062 987 notiffi-

544 1038 699 1073 mum
728 1015 840 1072 est:
887 1015 1043 1091 cujus
1082 1030 1262 1095 partes
1322 1013 1610 1095 primariae,
1682 1013 1740 1070 ‘in
1781 1014 2066 1072 communi

546 1099 786 1157 maxime
816 1100 917 1157 usu
947 1098 1112 1172 tritae,
1156 1098 1457 1180 saepiusque
1496 1098 1698 1157 idcirco
1733 1120 1766 1156 a
1795 1098 2065 1180 scriptori-

544 1187 649 1242 bus
673 1200 1010 1257 memoratae,
1056 1185 1145 1242 hae
1174 1183 1299 1242 sunt
1327 1208 1343 1256 5
1392 1183 1646 1241 Semiffis‚
1694 1182 1800 1239 five
1830 1205 1954 1263 pars
1985 1183 2066 1240 di-

546 1269 729 1341 midia,
753 1269 843 1326 sex
868 1269 1157 1327 unciarum
1180 1292 1196 1341 3
1225 1268 1447 1341 TrienS,
1472 1268 1562 1325 seu
1586 1288 1708 1348 pars
1732 1270 1905 1328 tertia,
1931 1289 2067 1347 qua-

545 1371 675 1412 tuor
703 1353 995 1411 unciarum
1020 1378 1037 1427 5
1089 1353 1406 1436 Qadrans,
1453 1352 1544 1410 seu
1579 1374 1700 1431 pars
1730 1368 1943 1432 quarta,
1973 1351 2070 1410 tri-

544 1460 643 1497 um
674 1438 989 1511 unciarum,
1055 1439 1309 1510 SextanS,
1355 1439 1447 1495 seu
1473 1458 1593 1517 pars
1617 1437 1769 1494 sexta
1828 1437 2068 1495 duarum

546 1521 868 1596 unciarum,
905 1521 1085 1580 Uncia
1107 1522 1340 1602 denique
1364 1522 1470 1579 sive
1494 1520 1643 1601 Stips
1669 1520 1921 1594 uncialis,
1946 1543 2071 1602 pars

546 1606 894 1664 duodecima.
987 1611 1252 1688 Qorum
1283 1607 1508 1686 quidem
1548 1628 1912 1664 nummorum
1950 1628 2070 1663 om-

551 1694 725 1763 nium,
771 1693 1019 1749 sextante
1045 1707 1266 1749 tantum
1295 1706 1551 1772 exceptO,
1598 1690 1933 1771 exemplaria
1952 1691 2070 1766 jam

550 1777 879 1856 perpulchra
903 1776 1161 1856 quaedam
1193 1774 1385 1833 lectori
1409 1776 1838 1856 contemplanda
1858 1776 2068 1834 damus,

1068 1956 1383 2014 SECT
1458 1958 1532 2013 ΙΙ.

557 2110 649 2245 S
679 2109 944 2167 Ecundus
974 2131 1254 2184 nummUS,
1300 2108 1512 2168 semissis
1543 2110 1640 2184 est,
1686 2127 1752 2170 ut
1781 2111 1979 2184 littera,
2015 2113 2073 2185 S,

695 2210 830 2251 nota
858 2194 1095 2269 ejusdem
1121 2194 1359 2275 propria,
1398 2194 1660 2275 utrinque
1692 2195 1958 2276 insculpta
1992 2196 2074 2253 in-

556 2278 714 2335 dicat.
808 2281 895 2334 Ex
952 2280 1121 2337 altera
1174 2295 1345 2360 parte,
1391 2279 1568 2359 capite
1599 2280 1759 2341 senili,
1806 2282 2072 2353 lauream,

559 2364 645 2424 vel
670 2362 825 2439 jovia
847 2363 1166 2442 Capitolini,
1192 2366 1279 2422 vel
1300 2364 1470 2421 Servii
1495 2363 1709 2421 fortasse
1740 2362 1930 2443 Regis,
1953 2364 2074 2421 aeris

559 2446 802 2529 lignandi
834 2445 1101 2522 au&0ris3
1136 2470 1207 2506 ex
1231 2451 1415 2515 altera,
1437 2448 1590 2506 navis
1616 2447 1795 2529 effigie
1814 2447 2071 2527 fignatur.

1782 2532 2072 2595 SECT.
