2425 3152
576 238 657 310 96
1001 209 1474 293 TAEULA
1547 232 1652 290 vr,

573 340 915 423 plorantium
940 339 1204 421 imagines
1233 338 1533 419 exsculptae
1557 335 1833 396 interdum
1863 358 2097 396 cernun-

575 442 685 500 tur,
730 426 913 485 ullum
936 423 1235 483 istiusmodi
1264 423 1547 482 vasculum
1578 422 1632 480 in
1664 421 1961 481 mulierum
2011 422 2098 482 us-

574 533 743 593 quam
764 509 1016 570 manibus
1046 509 1223 567 visum
1252 506 1522 567 memini¹.

660 597 950 667 Praeterea,
996 594 1053 652 in
1088 593 1528 652 Christianorum
1578 591 1877 673 priscorum
1918 591 2097 672 sepul-

574 680 740 753 chriS‚
784 681 906 737 haec
962 679 1154 737 eadem
1198 677 1438 751 vascula,
1484 693 1540 735 et
1576 676 1749 736 vitrea
1779 692 1835 734 et
1882 675 2095 750 fiffilia,

574 780 787 847 reperta
817 763 919 822 effe
955 763 1202 822 constat:
1249 783 1491 843 quorum
1531 761 1738 843 figuras
1767 761 1920 818 haud
1958 782 2095 842 pau-

573 872 665 909 cas
696 848 988 928 Aringhus
1018 847 1072 904 in
1103 848 1285 904 lucem
1329 845 1534 919 edidit3
1583 867 1759 926 eaque
1781 866 1893 902 non
1919 846 2095 924 lacry-

573 934 673 994 mis
696 931 1014 1002 condendi5‚
1057 929 1205 1010 apud
1237 929 1530 1010 primaevos
1556 929 1702 1001 istos,
1748 929 1948 1009 quibus
1977 951 2097 988 mo-

572 1019 617 1077 ri
649 1020 867 1076 lucrum
889 1015 1228 1076 credebatur,
1274 1013 1364 1071 sed
1393 1035 1556 1095 aquae
1587 1012 1820 1071 lustralis
1842 1012 2097 1093 aspersio-

571 1102 628 1162 ni
669 1118 860 1183 parata
891 1099 1014 1173 effe,
1078 1099 1366 1157 declarat2.
1460 1097 1688 1181 Qippe
1717 1096 1774 1154 in
1798 1096 2096 1177 priscorum

572 1186 1015 1246 Christianorum
1037 1181 1344 1259 funeribu3‚
1390 1204 1573 1263 neque
1596 1180 1949 1240 Praeficarum
1971 1204 2096 1240 mu-

570 1294 698 1345 nm,
744 1291 923 1351 neque
951 1290 1152 1327 vanam
1183 1290 1306 1326 eam
1337 1266 1527 1326 lu&us
1543 1266 1970 1326 ostentationem
1997 1267 2097 1325 ad-

569 1357 803 1416 hibitam
832 1353 950 1416 effe,
1011 1351 1296 1411 verisimile
1325 1352 1422 1426 est,
1467 1351 1555 1410 sed
1591 1351 1842 1410 dolorem
1891 1350 2096 1410 solum.-

569 1442 742 1501 modo
770 1441 957 1512 talem,
1003 1439 1226 1518 qualem
1255 1453 1455 1496 natura
1485 1434 1659 1517 exigit
1677 1460 1696 1510 3
1743 1425 1910 1516 quem
1955 1435 2096 1495 ratio

570 1526 730 1586 fimul
774 1540 829 1583 et
857 1522 1050 1606 religio
1078 1538 1353 1597 coercent,
1402 1540 1678 1603 quemque
1719 1520 1851 1580 vitae
1887 1519 2095 1580 futurae

634 1694 647 1712 ²
681 1683 891 1723 Vasculum
912 1681 1076 1735 ejusdem
1098 1681 1175 1721 fere
1197 1682 1338 1735 generis
1361 1694 1404 1722 ac
1435 1681 1579 1729 formae,
1611 1689 1724 1733 atque
1745 1678 1903 1718 unicum
1923 1678 2093 1731 quidem,

569 1746 672 1800 quod
694 1746 732 1784 in
753 1746 886 1783 Romae
898 1744 1027 1783 veteris
1038 1745 1292 1783 monumentis
1309 1743 1548 1797 exsculptum
1564 1754 1734 1795 unquam
1751 1739 1838 1789 vidi,
1861 1740 1899 1778 in
1913 1740 2092 1778 sacrificio

570 1808 739 1862 quodam
764 1806 884 1859 Priapi
906 1805 1012 1858 supra
1039 1814 1267 1855 memorato,
1306 1805 1489 1845 cernitur:
1527 1818 1547 1843 e
1584 1817 1662 1856 quo
1704 1801 1868 1841 sacerdos
1909 1800 2095 1853 liquorem

572 1868 762 1922 quendam
782 1867 979 1906 odoratum
1000 1865 1165 1914 forsitan,
1197 1867 1234 1905 in
1265 1867 1386 1920 Priapi
1407 1865 1589 1905 fascinum
1623 1863 1774 1903 floribus
1793 1871 1981 1912 ornatum,
2005 1862 2094 1902 fun·

571 1931 658 1969 dere
675 1930 833 1968 videtur.
904 1927 1077 1966 Boiffard.
1107 1928 1157 1966 V.
1192 1942 1226 1968 1.
1250 1942 1327 1981 par.
1359 1942 1397 1968 2.

636 1997 650 2013 ²
684 1989 845 2041 Aringh.
868 1990 984 2028 Rom.
1014 1990 1224 2028 Subterran.
1252 1989 1340 2028 Vol.
1369 2004 1403 2029 1.
1433 2002 1469 2042 p.
1504 2001 1603 2042 502.
1674 1985 1885 2025 Bonannius
1903 1984 2009 2032 item,
2028 1985 2093 2036 Je-

574 2052 666 2091 suita
685 2051 962 2096 eruditissimus,
999 2053 1023 2070 “
1049 2049 1275 2090 Notandum
1294 2050 1360 2097 est,
1384 2049 1528 2102 inquit,
1568 2048 1700 2087 similia
1723 2048 1806 2086 vasa
1826 2046 1952 2099 saepius
1981 2047 2096 2085 etiam

577 2119 599 2134 *‘
632 2112 786 2151 inveniri
808 2112 844 2150 in
863 2110 1064 2164 sepulchris
1088 2110 1396 2159 Christianorum,
1417 2125 1499 2164 quae
1516 2121 1642 2149 tamen
1665 2109 1845 2161 lacrymas
1862 2105 2094 2154 continuisse,

578 2177 603 2195 2‘
638 2188 712 2214 non
731 2173 782 2212 est
799 2172 1042 2211 credendum.
1115 2172 1219 2212 Mus.
1243 2171 1417 2212 Kircher.
1442 2186 1478 2226 p.
1509 2187 1522 2212 1
1540 2186 1553 2211 1
1568 2186 1605 2226 5.

758 2235 853 2287 Jam
870 2233 986 2284 masta
1000 2232 1136 2287 quiesce
1148 2234 1305 2286 querela,

877 2295 1079 2347 Lacrymas
1092 2294 1300 2347 fiffpendite
1321 2302 1469 2342 matres,

887 2355 1018 2394 Nullus
1029 2357 1102 2407 sua
1117 2356 1276 2408 pignora
1286 2356 1460 2408 plangat,

881 2418 988 2456 Mors
1007 2415 1084 2456 haec
1103 2417 1293 2469 reparatio
1311 2417 1403 2454 vitae
1420 2416 1478 2463 est.

1181 2478 1358 2518 Prudent.
1382 2478 1531 2529 Hymn.
1549 2489 1587 2517 x.
1607 2476 1702 2515 circa
1724 2476 1910 2529 exequias.
1937 2489 1973 2515 v,
1999 2488 2045 2514 12
2057 2489 2094 2528 5.

1409 2558 1433 2594 1
1983 2534 2014 2591 s
2004 2556 2099 2615 pes
