2425 3152
741 224 1216 285 TABULA
1289 228 1496 286 XXII.
1739 251 1856 310 257

335 332 530 407 fasciiS,
575 331 895 406 involucriS,
941 332 1217 390 vetustate
1250 333 1367 407 jam
1408 331 1732 413 absumptae,
1778 351 1860 392 at-

338 417 534 498 quein
582 418 870 497 pulverem
914 439 977 475 ac
1029 416 1378 497 putredinem
1418 416 1661 475 redactae
1716 418 1855 476 sunt«.

335 500 641 583 Egregium
664 500 788 557 sane
806 500 1064 559 vanitatis
1086 500 1378 582 AEgyptiae
1407 504 1857 561 monumentum!

337 607 465 665 quae
494 606 625 643 curn
679 586 809 642 Deo
859 584 972 665 ipso
1026 606 1292 665 pugnare,
1359 583 1590 664 artisque
1636 586 1859 644 inventa

333 685 549 728 naturae
581 668 795 750 legibus
824 690 1142 750 opponere,
1176 691 1238 726 ac
1268 690 1468 748 corpus
1491 671 1800 728 humanum
1831 693 1861 727 e

334 755 563 834 pulvere
593 753 917 826 excitatum,
973 768 1140 833 atque
1173 752 1229 809 in
1282 755 1567 832 pulverem
1620 754 1862 812 reversu-

335 859 479 911 rum,
523 837 592 895 ab
622 836 848 896 interitu
891 837 1210 913 conservare
1238 858 1351 918 prae
1382 837 1433 894 se
1464 835 1688 895 ferebat.

423 921 659 983 Amicus
709 944 885 995 meus,
958 921 1118 1002 supra
1171 922 1445 983 laudatus,
1521 922 1860 981 Guilielmus

338 1006 658 1080 Heberden,
705 1007 794 1064 M.
849 1008 924 1064 D.
970 1007 1115 1063 hanc
1169 1005 1504 1065 cadaverum
1555 1007 1863 1088 AEgyptio-

339 1112 464 1148 rum
507 1090 874 1164 condituram,
940 1090 1095 1148 haud
1132 1104 1291 1148 tanto
1338 1091 1561 1171 quidem
1611 1091 1862 1165 artificiO,

336 1196 517 1255 neque
556 1190 714 1234 tanto
742 1189 1053 1233 aromatum
1080 1190 1367 1255 apparatu,
1413 1190 1627 1256 quanto
1670 1192 1866 1235 curata

337 1258 442 1318 effe
471 1259 727 1333 traditur,
776 1280 963 1317 revera
993 1257 1253 1317 effectam
1284 1258 1438 1318 fuiffe
1468 1274 1642 1341 putat.
1733 1263 1864 1318 Ete-

338 1342 604 1402 nimfivel
632 1359 904 1417 aromata,
923 1343 1103 1424 priscis
1122 1343 1231 1401 istis
1255 1345 1596 1425 temporibus
1615 1344 1864 1427 cognita,

337 1429 429 1486 vel
451 1428 716 1486 cadavera
746 1427 876 1508 ipsa,
921 1427 1261 1502 Mumiasve,
1306 1446 1373 1487 ut
1404 1429 1682 1497 dicuntur,
1730 1452 1865 1488 con-

338 1511 707 1586 fiderabimUS,
753 1511 1134 1593 fimpliciorem
1163 1514 1445 1594 quandam
1477 1514 1656 1594 operis
1708 1537 1865 1595 pera-

338 1596 503 1677 gendi
535 1596 826 1670 rationem,
873 1619 972 1655 nec
1006 1596 1102 1655 nifi
1149 1620 1326 1678 pauca
1355 1599 1660 1658 admodum
1691 1600 1864 1657 medi-

339 1697 593 1739 camenta
612 1681 859 1739 adhibita
883 1680 986 1739 effe
1009 1681 1394 1763 intelligemus

424 1764 685 1823 Maxima
723 1782 1146 1847 unguentorum
1165 1784 1416 1826 veterum
1446 1789 1570 1848 pars
1600 1769 1734 1826 nihil
1764 1769 1864 1827 ali-

339 1850 419 1907 ud
449 1867 626 1920 erant,
650 1872 713 1908 ac
744 1852 889 1924 olea,
920 1851 975 1909 in
1000 1851 1200 1932 quibus
1220 1854 1404 1910 herbae
1434 1853 1524 1910 seu
1543 1852 1701 1911 flores
1727 1854 1862 1912 odo-

340 1933 485 1992 riferi
514 1933 674 1992 infufi
708 1935 915 1994 essent:
962 1959 1108 2016 quae,
1154 1937 1224 1994 ad
1257 1938 1522 1995 cadavera
1553 1940 1859 2019 AEgyptio·

338 2040 464 2075 rum
492 2040 642 2076 more
673 2019 996 2094 condienda,
1044 2023 1193 2079 haud
1224 2023 1467 2079 multum
1491 2024 1672 2079 valere
1692 2038 1859 2103 potu-

334 2118 514 2161 erunt.
572 2105 846 2161 Aromata
875 2126 1025 2177 vero,
1070 2105 1301 2185 pretiosa
1324 2106 1511 2163 saltem
1534 2106 1648 2179 ista,
1693 2123 1857 2187 atque

334 2187 406 2244 ad
434 2188 586 2244 hunc
614 2187 776 2245 usum
805 2191 1239 2262 accommodata,
1284 2189 1340 2246 in
1366 2190 1521 2247 India
1559 2191 1857 2248 solummo-

337 2272 411 2328 do
440 2272 637 2329 ultima
679 2272 995 2346 nascuntur,
1068 2296 1168 2331 nec
1225 2273 1281 2331 in
1326 2277 1649 2355 AEgyptum
1695 2276 1856 2333 facile

336 2356 608 2437 deportari
640 2356 883 2437 poffent:
932 2380 1171 2437 quorum
1222 2360 1481 2440 pleraque
1511 2360 1670 2417 etiam
1705 2376 1855 2417 vete-

334 2439 482 2500 ribus
517 2439 626 2499 istis
649 2441 928 2523 incognita
951 2441 1053 2501 effe
1076 2459 1363 2525 apparent,
1394 2461 1680 2526 propterea
1704 2446 1853 2524 quod

1180 2529 1233 2586 K
1277 2529 1317 2587 k
1753 2550 1851 2586 nec
