2425 3152
563 245 642 316 84
1024 238 1667 298 TABULAIV

560 360 643 403 tas
709 342 1134 402 animadverti¹2
1180 366 1418 424 quarum
1463 368 1597 419 una,
1644 345 1759 426 pari
1810 344 1921 403 fere
1964 345 2074 405 for-

559 448 649 484 ma
679 447 741 483 ac
771 427 1170 508 magm'tudine,
1199 444 1365 509 atque
1388 431 1444 487 in
1464 450 1605 487 urna
1624 429 1788 487 etiam
1812 428 1967 487 fiffili
1991 431 2071 487 in-

559 510 721 576 clusa,
743 510 1183 569 in'monumento
1198 512 1552 570 Libertorum
1577 513 1753 570 Liviae
1776 514 2071 594 Augustae,

561 595 764 651 Romae
793 594 946 651 haud
974 595 1191 652 dudum
1219 612 1433 675 reperta
1463 596 1606 670 fuit3
1654 596 1810 671 cujus
1849 596 2073 676 quidem

562 675 819 756 figuram,
873 677 955 734 vir
993 678 1257 752 eruditus,
1289 682 1332 735 F
1335 701 1483 738 rane.
1523 679 1748 752 Gorim,
1794 679 1850 737 in
1873 702 2075 738 monu-

562 759 734 817 menti
763 759 912 818 istius
951 761 1325 841 descriptione,
1370 763 1699 821 delineatam
1718 763 1938 821 edidit-²:
1985 763 2076 820 sed

562 845 777 900 nullam
800 844 1035 922 prorsUS,
1081 845 1306 923 perinde
1329 867 1391 903 ac
1412 847 1675 918 nostram,
1721 844 1882 925 piffis
1899 845 2078 903 homi-

563 948 700 983 num
758 926 1099 1006 imaginibus,
1162 928 1544 1007 coloribusque
1578 929 1754 986 aureis
1803 943 2076 1000 ornatam,

564 1010 654 1066 vel
683 1009 789 1088 ipse
839 1030 1090 1089 unquam
1121 1010 1253 1083 vidi,
1298 1012 1387 1068 vel
1416 1013 1487 1069 ab
1535 1011 1648 1069 alio
1693 1011 1887 1091 quovis
1909 1010 2079 1068 visam

562 1090 689 1165 effe,
734 1092 934 1150 audivi.

632 1253 643 1270 ¹
678 1246 766 1285 Vid.
786 1247 914 1300 Beger.
939 1247 1123 1288 Thesaur.
1148 1249 1329 1288 Brandeb.
1352 1248 1468 1288 Tom.
1496 1263 1533 1301 3.
1551 1261 1589 1301 p.
1608 1263 1710 1303 470.

630 1313 646 1329 ²
678 1307 842 1346 Vz'treum
860 1308 1062 1361 Vasculum,
1097 1309 1253 1357 Dioton,
1287 1310 1358 1349 five
1387 1323 1477 1347 cum
1497 1309 1639 1348 duabus
1660 1308 1766 1358 anfis,
1799 1308 1974 1361 operculo
1990 1321 2077 1347 mu-

570 1368 693 1407 nitum
713 1368 931 1408 exhibemus
949 1386 957 1409 ε
992 1370 1093 1422 quod
1109 1370 1192 1409 sane
1207 1371 1414 1423 perelegans
1429 1370 1495 1419 est,
1528 1369 1720 1408 altitudine
1735 1370 1841 1408 unius
1863 1369 1978 1422 palmi
1997 1370 2078 1407 Ro-

571 1429 685 1477 mani,
720 1430 822 1482 quod
844 1431 881 1469 in
900 1430 1002 1471 fietili
1022 1429 1095 1470 olla
1117 1431 1300 1471 inclusum
1320 1440 1408 1472 erat.
1492 1429 1579 1472 Vid.
1601 1430 1764 1471 Gorium
1779 1429 1867 1471 ibid.
1889 1430 1989 1472 Tab.
2013 1443 2078 1486 17.
