2425 3152
544 273 625 329 92
982 248 1494 312 TABULA
1579 253 1658 313 v,

538 357 697 417 haud
731 356 857 417 satis
893 356 1238 439 perspicuum
1278 357 1373 416 est
1493 357 1586 414 Ex
1626 354 1785 437 gestu
1831 354 1974 432 sane,
2001 357 2070 416 ti·

541 443 777 502 bicinem
806 465 938 501 eum
967 441 1152 524 potius
1182 439 1286 499 effe
1316 441 1677 517 conjicerem3
1725 462 1855 499 nam
1887 458 1943 499 et
2001 442 2068 501 ti-

541 527 689 587 biam
717 544 775 587 et
804 529 998 586 tubam
1054 528 1125 585 ad
1154 525 1350 585 funera
1388 525 1658 584 adhibitas
1703 523 1806 583 effe
1859 525 2065 607 liquet:

541 612 675 672 tibia
730 634 864 671 vero
910 633 1230 694 puerorum
1322 612 1458 670 tuba
1506 610 1779 704 majorum
1823 626 1959 669 natu
2011 628 2068 670 et

539 696 879 757 nobiliorum
907 695 1202 779 praesertim
1239 695 1485 778 exequiis
1522 694 1744 777 propria
1783 693 1940 754 fuisse
1984 695 2069 754 vi„

540 781 719 842 detur

538 950 701 1013 Ubiae
728 953 819 1011 cui
842 968 1042 1012 teneros
1052 954 1273 1030 filetum
1290 957 1584 1034 producere
1611 976 1799 1014 manes

536 1040 685 1120 Lege
717 1036 997 1120 Phrygum
1018 1038 1219 1117 moesta¹
1223 1072 1322 1084 -—--

535 1127 618 1184 N
612 1146 668 1183 ec
687 1144 807 1181 mea
835 1139 964 1181 tunc
1006 1123 1161 1205 longa
1181 1122 1459 1204 spatietur
1496 1123 1726 1204 imagine
1752 1136 1972 1204 pompa,

664 1211 742 1270 N
740 1230 795 1267 ec
822 1204 978 1267 Tuba
988 1208 1049 1288 s
1026 1223 1070 1268 t
1090 1208 1224 1285 fatz
1246 1228 1394 1266 vana
1431 1207 1649 1289 querela
1686 1210 1836 1266 me2'2.

618 1382 706 1439 At
743 1400 874 1437 vero
918 1378 1109 1437 OIIam
1141 1377 1384 1437 nostram
1421 1376 1618 1436 offium
1643 1377 2062 1436 combustorum

534 1464 770 1546 seliquiis
808 1464 1030 1545 plenam
1060 1462 1165 1522 effe
1196 1462 1340 1521 dixi:
1386 1463 1610 1543 quippe,
1656 1483 1796 1543 rogo
1845 1462 2060 1520 extinc-

532 1567 614 1625 ·,to
662 1549 795 1609 Offa
821 1547 1027 1608 mortui
1055 1570 1089 1607 a
1146 1562 1321 1606 matre
1372 1546 1668 1628 praelertim
1695 1562 1795 1605 aut
1834 1545 2064 1640 propin--

532 1636 675 1717 quiS‚
736 1632 960 1716 lugubri
997 1632 1146 1693 veste
1191 1631 1416 1706 indutiS‚
1470 1631 1579 1714 legi
1615 1646 1783 1713 atque
1830 1654 1886 1690 1n
1925 1632 2059 1690 Olla

532 1719 698 1780 condi
730 1718 1000 1778 solebant*

596 1905 607 1922 ¹
644 1895 736 1932 Stat.
761 1888 889 1931 Theb.
909 1890 948 1930 6.
981 1901 1078 1930 120.
1107 1888 1149 1929 i't.
1176 1888 1251 1929 Ov.
1274 1888 1371 1928 Fast.
1400 1891 1438 1929 6.
1467 1890 1568 1943 657.

595 1968 612 1984 2
644 1954 812 2006 Propert.
847 1965 884 1992 2.
933 1965 998 2004 13.
1065 1951 1146 2004 Qi
1173 1951 1270 1991 tubis
1313 1951 1455 1990 tibiisve
1490 1951 1534 1989 ad
1558 1948 1690 1989 funera
1725 1949 1920 1997 canebant,
1964 1965 2054 2002 τυμ»

532 2015 668 2063 &damac
698 2027 826 2068 graece,
865 2012 1020 2051 fiticines
1037 2012 1150 2051 latine
1173 2012 1403 2053 dicebantur.
1470 2013 1620 2064 Qippe
1635 2013 1703 2064 qui
1724 2011 1822 2065 apud
1847 2012 1942 2060 fitos,
1980 2011 2055 2050 hoc

533 2076 597 2125 est,
638 2076 712 2115 vita
734 2075 880 2114 fun&os
917 2074 1120 2113 canebant:
1177 2087 1270 2126 quos
1301 2074 1489 2127 propriam
1521 2073 1710 2125 quandam
1748 2073 1846 2112 tubae
1880 2072 2052 2125 speciem,

533 2136 661 2175 ceteris
678 2137 883 2190 longiorem
918 2149 962 2174 ac
990 2135 1159 2174 latiorem
1195 2133 1371 2183 habui-fle,
1410 2149 1457 2174 ex
1492 2135 1618 2173 Gellio
1652 2135 1838 2175 discimus,
1919 2134 2053 2187 [Noct-

533 2200 613 2236 Att.
632 2198 695 2239 lib.
716 2212 784 2238 20.
806 2211 838 2236 c.
875 2211 914 2236 2.
950 2196 1039 2235 Vid.
1058 2197 1215 2235 Hieron.
1237 2197 1346 2249 Mag.
1372 2195 1533 2236 Miscell.
1565 2195 1590 2235 l.
1636 2211 1670 2236 ῐ.
1702 2211 1735 2236 1.
1775 2196 1814 2235 it.
1841 2194 2053 2234 Kirchman

533 2259 578 2296 de
600 2259 775 2298 Funerib.
798 2258 822 2298 l.
845 2272 881 2298 2.
909 2256 966 2311 5,]
1034 2259 1128 2297 Haec
1141 2256 1327 2296 nobilium
1343 2257 1473 2296 funera
1495 2258 1582 2309 quia
1597 2273 1617 2296 a
1636 2258 1806 2296 Praecone
1829 2257 1938 2294 indici
1954 2256 2052 2308 pub-

532 2321 600 2359 lice
621 2320 798 2367 solebant,
838 2319 1011 2358 indictiva
1032 2319 1274 2358 vocabantur.
1346 2319 1451 2372 [Vid.
1472 2320 1553 2359 Cic.
1575 2320 1620 2357 de
1651 2319 1782 2370 Legib.
1808 2332 1846 2357 2.
1869 2317 1958 2368 24.]
1991 2317 2050 2354 in-

530 2381 697 2420 diffionis
713 2390 840 2419 autem
863 2380 961 2418 istius
983 2379 1210 2428 formulam,
1222 2380 1324 2433 apud
1346 2380 1580 2420 Gutheriurn
1605 2380 1651 2419 de
1676 2381 1765 2431 Jure
1788 2379 1966 2420 Manium
1993 2377 2050 2417 νὶ-

531 2444 617 2481 dere
646 2441 781 2483 licet.l.
814 2456 847 2481 1„
870 2455 902 2481 c,
933 2456 1005 2495 19„⁴

1934 2537 2050 2596 Ab„
