2425 3152
837 238 1472 298 INDEX.

391 340 506 388 ferro
537 335 632 404 ipso
668 337 798 387 usum
828 334 1080 397 obtinuiffe,
1136 336 1431 401 antiquorum
1466 337 1726 388 testimoniis
1757 336 1908 387 confir

391 420 556 458 matur.

992 537 1109 585 Tab.
1144 539 1321 587 XVIII.

463 624 529 667 As
553 613 870 665 Romanorum
893 616 1068 675 libralis,
1105 615 1285 682 ejusque
1310 629 1463 682 partes.
1523 619 1617 666 Ubi
1651 620 1707 667 de
1731 620 1824 666 aeris
1847 618 1934 685 fig-

394 689 534 738 nandi
562 691 770 746 auctore3
809 699 944 752 atque
969 686 1091 734 unde
1132 703 1229 733 mos
1253 686 1499 747 deductus3
1539 688 1789 755 quibusque
1815 692 1931 736 notis

395 779 448 808 aes
474 759 674 825 primum
704 761 861 806 Romae
894 755 1122 821 signatum
1159 754 1278 814 estet,
1317 758 1542 820 quaeritur.
1616 758 1809 816 Deinde,
1849 756 1933 805 hu-

389 827 589 895 jusmodi
626 844 853 885 nummos,
891 827 1114 883 omnium,
1152 825 1232 889 qui
1257 828 1418 872 Romae
1441 842 1647 892 unquam
1680 825 1843 892 signati
1862 825 1935 874 fu-

397 897 543 956 issent,
575 894 899 961 antiquissimos
917 894 1018 952 effe,
1056 907 1191 958 atque
1225 906 1329 940 ante
1360 894 1529 942 bellum
1563 896 1800 952 Punicum,
1841 912 1935 943 non

398 966 599 1015 feriendo
622 964 852 1030 percussos,
890 977 967 1011 aut
1000 976 1108 1029 typo
1131 963 1283 1027 aliquo
1313 963 1554 1030 impreffos,
1594 964 1667 1012 sed
1685 982 1742 1012 ex
1762 978 1841 1013 aere
1860 960 1934 1012 fu-

399 1036 445 1084 so
480 1033 710 1093 conflatos,
761 1033 1019 1081 ostenditur.
1106 1035 1234 1080 Tum
1275 1032 1557 1098 singulorum
1593 1045 1825 1081 momenta
1862 1033 1936 1082 seu

398 1105 596 1171 pondera
627 1116 844 1152 notantur
864 1124 878 1163 3
916 1121 969 1149 ac
993 1100 1118 1168 figna
1141 1104 1189 1149 in
1232 1104 1290 1150 eis
1320 1102 1518 1168 expreffa
1541 1102 1828 1151 illustrantur.

1019 1230 1134 1280 Tab.
1171 1227 1298 1281 XIX.

467 1317 531 1361 As
556 1313 612 1360 ad
638 1312 808 1361 sextam
832 1310 922 1377 ejus
950 1322 1122 1377 partem
1137 1331 1150 1370 ;
1189 1310 1351 1358 deinde
1389 1307 1446 1356 ad
1477 1309 1811 1370 duodecimam,
1832 1330 1938 1359 auc-

399 1384 577 1432 toritate
602 1381 781 1447 publica
817 1382 1113 1439 imminutus3
1152 1380 1386 1445 partesque
1424 1379 1652 1446 utriusque
1691 1381 1753 1427 ita
1786 1382 1937 1428 immi-

400 1454 512 1502 nuti.
586 1452 676 1500 Ubi
712 1452 1050 1498 imminutiones
1074 1449 1174 1503 istae,
1197 1468 1252 1497 ex
1272 1467 1568 1497 nummorum
1595 1449 1846 1497 nostrorum
1870 1450 1934 1497 se-

400 1525 464 1571 rie
486 1521 561 1569 hic
585 1519 794 1588 exposita,
832 1519 1119 1567 illustrantur.
1192 1523 1346 1586 Atque
1373 1518 1479 1566 alias
1507 1535 1690 1585 quoque
1718 1521 1810 1567 aeris
1846 1521 1936 1566 im-

401 1593 687 1650 minutiones,
719 1609 752 1643 *a
770 1591 950 1637 nemine
972 1590 1073 1637 licet
1097 1590 1388 1654 antiquorum
1412 1602 1693 1648 memoratas,
1717 1588 1850 1636 facias
1871 1601 1940 1636 ta-

401 1680 509 1709 men
534 1659 634 1720 effe,
671 1661 885 1725 arguitur.
957 1661 1085 1706 Tum
1110 1671 1225 1708 notae
1254 1671 1299 1706 et
1323 1657 1448 1723 figna
1485 1661 1532 1706 in
1552 1658 1618 1706 his
1638 1660 1835 1706 nummis
1854 1661 1939 1706 im-

403 1730 546 1796 preffa
579 1730 870 1796 explicantur.
943 1732 1016 1776 Ac
1061 1726 1345 1793 singulorum
1381 1741 1614 1777 momenta
1652 1730 1831 1795 propria
1868 1730 1939 1776 in·-

396 1801 621 1848 dicantur.

1043 1929 1158 1976 Tab.
1197 1930 1299 1975 XX.

475 2008 656 2057 Pondus
692 2009 933 2074 antiquum
956 2006 1121 2063 librale,
1161 2025 1216 2054 ex
1250 2018 1331 2053 aere
1365 2003 1545 2052 factum.
1606 2009 1722 2053 Item
1751 2016 1943 2070 quatuor

408 2079 564 2126 Unciae
591 2096 732 2134 aeneae,
769 2095 1013 2141 earumque
1044 2090 1184 2143 partes
1204 2075 1441 2122 nonnullae.
1514 2076 1605 2123 Ubi
1632 2076 1688 2123 de
1708 2079 1943 2122 Romano-

410 2167 512 2194 rum
537 2161 735 2194 veterum
761 2147 1045 2212 ponderibus,
1091 2146 1352 2193 auctoritate
1390 2143 1566 2209 publica
1593 2143 1854 2200 constitutis,
1893 2162 1945 2190 ac

411 2218 466 2264 de
490 2215 620 2281 signis
642 2217 688 2262 in
709 2218 766 2263 eis
791 2215 1030 2280 insculptis,
1081 2233 1221 2281 pauca
1257 2214 1464 2279 quaedam
1499 2215 1736 2260 dicuntur:
1774 2231 1826 2260 ac
1855 2211 1946 2259 sm-

412 2286 622 2351 gulorum
648 2298 878 2332 momenta
901 2285 1274 2332 demonstrantur.
1356 2286 1412 2329 ΙΙ.
1455 2283 1631 2349 Aquilae
1653 2281 1948 2347 Imaguncula

412 2373 545 2413 aenea,
584 2353 673 2401 basi
710 2352 928 2420 imposita.
1007 2355 1095 2401 Ubi
1134 2354 1190 2400 dc
1214 2352 1389 2418 Aquilis
1418 2352 1650 2417 legionum
1677 2365 1720 2399 et
1748 2350 1946 2399 cohorti-

413 2426 542 2480 tium,
581 2441 676 2488 qux
698 2441 861 2488 magna
884 2424 1096 2488 religione
1131 2423 1218 2469 coli
1257 2422 1467 2481 solebant,
1528 2422 1773 2479 differitur3
1812 2433 1946 2484 atque

414 2492 632 2560 Aquilam
657 2494 766 2540 item
790 2492 988 2540 nostram
1030 2494 1086 2541 ad
1131 2493 1308 2540 cultum
1341 2491 1568 2557 quendam
1618 2491 1840 2547 divinum,
1879 2487 1947 2534 vel

1821 2558 1946 2604 domi
