2425 3152
754 206 1226 267 TABULA
1302 210 1510 267 XXII,
1754 226 1877 291 255⁴

345 331 461 389 tur,¹
498 336 665 396 quam
694 331 760 373 ut
800 314 995 372 Isidem
1025 313 1240 374 facilius
1278 313 1652 389 conciliarent,
1706 332 1875 397 atque

345 401 420 458 ad
448 401 780 459 cadaverum
805 400 1008 457 horum
1038 402 1272 458 tutelam
1300 400 1596 459 allicerent.

431 487 521 542 Ex
552 486 654 542 hac
685 485 1000 542 loculorum
1023 486 1401 542 ornandorum
1434 483 1774 559 inventione,
1819 501 1874 545 et

346 570 642 650 sculpturae
687 585 743 626 et
790 568 1025 649 picturae
1074 570 1233 650 origo
1277 567 1541 642 deducta,
1608 585 1776 649 atque
1817 570 1875 628 in

346 654 479 712 alias
510 670 701 735 gentes
732 653 883 710 deriv
888 672 975 711 ata
1023 653 1125 711 esse
1157 653 1402 710 videtur:
1450 653 1601 732 apud
1645 655 1881 713 Graecos

345 738 508 810 enim,
544 761 684 819 quos
713 738 913 796 artium
943 737 1165 795 suarum
1196 735 1491 818 primordia
1515 739 1583 795 ab
1614 740 1773 819 AEgy
1778 755 1877 820 pto

349 822 561 880 duxisse
606 823 839 896 constat,
887 823 1081 879 statuae
1134 822 1246 880 istae
1280 825 1578 896 Hermaeae,
1623 822 1878 882 omnium

347 907 719 989 proculdubio
748 906 1153 987 antiquiffimae,
1199 928 1437 987 quarum
1469 908 1760 966 nonnullae
1778 908 1877 966 eti-

348 1015 439 1051 am
470 992 632 1050 hodie
663 1007 878 1065 extant,
923 992 992 1049 ad
1023 992 1340 1049 loculorum
1384 993 1585 1049 horum
1639 991 1878 1052 formam

349 1077 756 1158 modulumque
808 1078 970 1158 plane
988 1075 1190 1135 effnstae
1212 1076 1317 1135 effe
1339 1092 1641 1157 apparent.
1691 1077 1878 1160 Qip-

350 1183 418 1244 pe
464 1161 598 1221 nihil
646 1162 796 1220 aliud
846 1176 1030 1236 erant,
1094 1183 1156 1219 ac
1206 1163 1462 1219 Deorum
1515 1161 1879 1220 hominumve

348 1246 547 1328 capita,
593 1262 795 1305 trunco
825 1245 1013 1327 ligneo
1038 1261 1136 1305 aut
1159 1246 1374 1327 lapideo
1396 1247 1665 1327 oblongO,
1710 1262 1880 1327 atque

349 1353 382 1389 a
411 1332 627 1390 summo
657 1332 726 1389 ad
768 1332 945 1389 imum
973 1331 1166 1389 leniter
1205 1329 1550 1404 decrescenti,
1613 1331 1880 1412 impolita.

351 1419 436 1475 At
457 1438 587 1474 vero
617 1416 985 1474 Graecorum
973 1416 1258 1498 mgenium
1276 1438 1399 1474 acre
1418 1416 1561 1474 intra
1580 1416 1678 1474 has
1701 1416 1882 1499 sculp-

350 1517 493 1559 turae
516 1501 799 1583 angustias
822 1502 972 1559 haud
996 1502 1092 1560 diu
1116 1499 1385 1559 coar&ari
1403 1500 1618 1582 potuit5
1667 1501 1757 1558 sed
1780 1523 1881 1561 na-

350 1601 536 1645 turam
567 1587 764 1645 ducem
797 1586 1045 1667 sequenS,
1113 1586 1323 1667 reliqua
1380 1585 1588 1667 quaevis
1638 1586 1883 1668 corporis

351 1673 621 1745 membra,
653 1694 683 1729 e
706 1693 978 1730 marmore
1009 1671 1209 1753 pariter
1239 1670 1466 1753 fingere,
1513 1686 1684 1752 atque
1701 1672 1772 1730 ad
1801 1670 1883 1730 vi-

350 1771 424 1815 tae
455 1755 617 1837 ipfius
646 1756 1073 1831 fimilitudinem,
1134 1756 1431 1837 omnesque
1477 1756 1593 1831 ejus
1631 1753 1883 1815 actiones

349 1857 406 1900 et
453 1841 638 1923 gestus
696 1842 916 1900 summo
965 1841 1191 1900 artificio
1220 1841 1637 1900 accommodare
1687 1841 1873 1922 coepit.

349 1926 613 2008 AEgyptii
644 1942 858 2000 contra,
903 1926 979 1985 rei
1030 1926 1156 1985 licet
1205 1927 1372 2002 hujus
1424 1926 1757 1999 inventoreS‚
1822 1941 1880 1984 at

349 2010 577 2093 priscam
621 2026 812 2070 tamen
843 2033 968 2070 eam
999 2011 1126 2070 artis
1173 2010 1590 2092 simplicitatem,
1635 2010 1733 2068 vix
1771 2032 1879 2068 un-

350 2118 517 2178 quam
575 2095 795 2177 penitus
846 2096 1128 2154 deseruiffe
1157 2095 1448 2154 videntur:
1495 2118 1623 2153 nam
1669 2094 1877 2154 etiamsi

349 2180 591 2262 corporis
621 2180 852 2239 humani
882 2179 1141 2254 formam,
1205 2179 1465 2238 membris
1488 2179 1593 2238 suis
1615 2180 1878 2239 omnibus

349 2263 698 2339 instructam,
744 2264 970 2346 perinde
999 2287 1063 2323 ac
1095 2265 1301 2338 Graeci,
1348 2287 1377 2322 e
1408 2264 1561 2346 ligno
1590 2279 1691 2323 aut
1740 2265 1877 2346 lapi-

347 2352 416 2409 de
445 2367 701 2410 accurate
730 2349 852 2409 satis
881 2351 1185 2432 exprimere
1216 2349 1532 2423 didiciffent,
1577 2364 1636 2408 at
1657 2350 1874 2432 gestum

347 2436 397 2494 ei
426 2436 660 2496 liberum
688 2434 929 2518 aliquem
973 2451 1073 2495 aut
1097 2436 1407 2494 naturalem
1435 2435 1874 2515 haudquaquam

994 2543 1034 2595 4
1632 2518 1870 2578 tribuere
