2425 3152
950 254 1586 312 INDEX.

476 353 781 420 imagunculae
806 354 903 402 duce
948 355 1158 418 antiquae,
1198 354 1245 401 in
1266 355 1380 402 vitro
1402 356 1540 420 pietae.
1615 356 1704 403 Ubi
1725 355 1780 403 de
1806 357 1907 403 vitri
1932 359 2021 404 ori-

478 428 582 490 gine
611 443 663 471 ac
684 424 935 481 conditura,
975 422 1156 488 ejusque
1185 424 1399 489 pingendi
1424 422 1617 472 artificio
1639 446 1652 484 3
1679 438 1780 472 tum
1802 425 1857 472 de
1876 428 2022 491 pietu-

478 514 534 542 rae
559 493 715 541 nostrae
736 493 1052 560 explicatione,
1073 507 1118 539 et
1132 492 1188 539 de
1207 493 1384 540 Trabea
1406 495 1624 560 praecipue
1644 509 1860 555 veterum,
1884 512 2025 561 quam

479 563 707 630 puerulus,
743 576 787 610 et
834 562 890 610 de
938 562 1113 620 monili,
1160 562 1282 625 quod
1328 562 1490 609 mulier
1543 564 1698 627 gestat,
1760 564 2022 630 disputatur.

485 652 540 680 11
558 652 598 681 Ι.
637 632 816 679 Anulus
841 631 1137 689 Amuleticus,
1177 650 1230 678 ex
1267 630 1413 697 lapide
1439 631 1749 681 Chalcedonio
1784 633 2023 692 confedus,

478 704 553 749 cui
579 703 733 749 litterae
758 701 965 767 quaedam
1003 701 1194 747 barbarae
1232 701 1449 765 inscriptae
1495 701 1608 748 sunt.
1683 703 1770 750 Ubi
1794 702 1850 750 de
1873 708 2023 751 Amu-

478 772 591 830 letis,
633 771 927 836 Geminisque
953 769 1235 835 potiffimum
1278 768 1554 817 Bafilidianis
1574 791 1588 830 ;
1626 789 1679 819 ac
1703 773 1760 820 de
1781 772 1925 819 anulis
1951 792 2024 820 ve—

480 855 631 888 terum
656 839 850 906 phyficis
880 851 924 886 et
949 839 1193 898 medicatis,
1233 840 1394 905 quibus
1426 841 1561 886 noxia
1585 841 1807 904 quaelibet,
1845 855 1889 889 et
1919 845 2023 889 Dae·

482 928 638 957 mones
664 909 901 974 praesertim
926 907 1079 967 malos,
1107 907 1148 955 se
1186 906 1441 974 propulsare
1460 907 1581 974 posse
1605 910 1859 970 credebant,
1896 910 2025 959 diffe-

480 981 604 1026 ritur.
662 982 741 1026 IV.
778 979 865 1027 Rei
890 977 1133 1042 turpiculae,
1161 976 1318 1042 figurae
1341 978 1438 1025 duae
1465 996 1606 1037 aeneae,
1657 997 1748 1027 non
1770 980 1955 1045 quidem
1980 983 2028 1030 in

480 1048 599 1095 hane
623 1047 869 1107 Tabulam,
907 1046 1043 1094 sedin
1062 1045 1374 1095 dissertationis
1401 1048 1654 1112 marginem
1677 1049 1896 1115 conjediae.
1939 1052 2027 1099 Ubi

480 1117 729 1166 istiusmodi
754 1115 934 1182 figuras,
971 1128 1129 1163 contra
1150 1116 1471 1174 fascinationes,
1513 1117 1722 1183 oculique
1747 1118 1936 1183 maligni
1961 1121 2033 1167 ic·

480 1199 567 1246 tus,
606 1185 938 1234 infantulorum
969 1185 1083 1233 olim
1106 1185 1229 1234 collis
1253 1185 1459 1252 suspendi
1491 1185 1640 1247 solere,
1679 1187 2025 1237 demonstratur.

1133 1317 1246 1366 Tab.
1284 1320 1369 1366 IV..

539 1394 647 1443 olla
670 1393 875 1454 offuari'a‚
938 1412 964 1442 e
993 1394 1108 1442 vitro
1144 1393 1361 1453 conseera,
1401 1406 1447 1442 et:
1486 1395 1669 1460 pi&uris
1691 1407 1862 1444 ornata.
1933 1396 2028 1444 Ubi

481 1466 540 1516 de
573 1465 687 1512 Ollis
729 1464 978 1514 istiusmodi
1005 1465 1164 1521 vitreis,
1214 1463 1273 1511 ad
1314 1477 1600 1512 mortuorum
1638 1464 1730 1512 offa
1761 1466 2029 1531 excipienda.

484 1536 660 1603 paratis,
687 1554 739 1583 ac
754 1535 810 1583 de
828 1533 976 1582 nostra
997 1533 1251 1600 praesertim,
1267 1551 1364 1599 quae
1385 1533 1551 1582 offium
1575 1533 1919 1584 combustorum
1936 1534 2029 1583 fru-

484 1606 605 1654 stulis
628 1604 790 1654 referta
818 1616 925 1664 erat,
964 1605 1123 1669 agitur.

540 1816 716 1880 Figurae
749 1814 796 1860 in
841 1810 1001 1871 fundo,
1048 1735 1487 1878 later'ilbaiii‘ougOllae
1523 1811 1736 1878 depiffi'tae3
1777 1831 1875 1879 quae
1918 1815 2026 1861 ritus

488 1884 692 1934 funebres
711 1883 932 1949 praecipue
957 1881 1153 1929 indicare
1167 1882 1386 1930 videntur.
1446 1883 1535 1930 Ubi
1552 1882 1608 1929 de
1631 1885 1818 1930 mortuis
1836 1884 2027 1931 combu-

486 1953 650 2012 rendis,
688 1950 940 2015 ossibusque
971 1970 1129 1998 eorum
1161 1951 1370 2016 legendis,
1408 1965 1453 1999 et
1489 1952 1748 2011 condendiS,
1786 1952 2031 2019 ceterisque

488 2023 545 2071 ad
571 2021 801 2089 sepulchra
826 2021 1163 2086 pertinentibus,
1201 2021 1464 2087 disputatur.

1149 2152 1263 2199 Tab.
1301 2155 1381 2200 VI.

559 2236 766 2295 Qatuor
793 2226 981 2287 vascula,
1046 2228 1371 2296 lacrymatoria,
1410 2240 1463 2276 ut
1488 2228 1625 2295 vulgo
1648 2240 1874 2279 vocantur.
1938 2232 2028 2280 Ubi

494 2299 664 2349 vascula
692 2298 1018 2364 ejusdemmodi
1042 2301 1210 2359 omnia,
1266 2318 1359 2346 non
1398 2297 1585 2364 quidem
1618 2299 1675 2346 ad
1705 2299 1939 2365 lacrymas,
1977 2314 2032 2349 ue

492 2370 691 2436 plerique
715 2367 982 2426 existimant,
1020 2369 1315 2434 excipiendas,
1355 2368 1428 2416 sed
1446 2367 1503 2415 ad
1523 2381 1755 2433 unguenta
1781 2369 2029 2418 solummo-

492 2440 552 2486 do
575 2440 622 2484 in
654 2437 850 2486 tumulos
880 2436 1126 2499 inferenda,
1165 2457 1192 2486 a
1225 2439 1440 2487 veteribus
1485 2437 1687 2486 adhibita
1720 2437 1861 2499 fuiffe,
1917 2458 2031 2488 con-

494 2507 701 2556 tenditur.

1912 2576 2027 2626 Tab.
