2425 3152
1170 223 1426 306 (160)

779 420 1084 498 ΤΑΒ
1144 424 1220 498 U
1278 424 1463 498 LA
1542 423 1739 499 XIV.

579 582 582 583 ⁷
661 585 827 645 Rima
857 584 1101 643 Tabulae
1130 586 1294 661 hujus
1340 585 1535 667 figura,
1584 589 1817 646 Bacchae
1848 587 2024 662 cujus-

678 670 827 743 dam,
872 669 965 727 seu
995 668 1215 751 feminae
1261 670 1318 728 in
1349 672 1550 729 Bacchi
1593 672 1747 729 sacris
1777 671 2023 745 initiatae,

505 753 799 834 imaginem
848 774 960 833 prae
1006 753 1058 811 se
1105 753 1223 811 fert.
1319 755 1538 813 Etenim
1586 756 1851 829 Bacchm,
1894 779 2023 814 cum

505 838 577 895 ad
610 838 777 896 Indos
805 836 966 894 armis
995 838 1303 896 domandos
1333 838 1773 918 proficisceretur,
1820 842 2024 898 multas

506 922 688 978 secum
716 921 972 978 mulieres
990 920 1043 977 in
1073 921 1320 979 exercitu
1338 922 1549 980 duxisse
1581 923 1853 995 traditur3
1896 947 2024 1003 quae

505 1004 848 1085 lymphatico
870 1004 1113 1083 quodam
1144 1003 1330 1063 furore
1347 1004 1509 1079 adhe,
1556 1005 1808 1086 tripudiis
1831 1008 2025 1065 carmi-

504 1087 775 1168 nibusque
797 1088 948 1169 gesta
972 1088 1086 1162 ejus
1110 1090 1476 1162 celebrabant,
1518 1111 1581 1147 ac
1621 1092 1836 1148 cultum
1865 1090 1913 1148 ei
1944 1092 2025 1149 di-

503 1172 695 1230 vinum
731 1172 1059 1230 tribuebant.
1176 1175 1559 1255 Qamobrem
1601 1173 1656 1231 in
1700 1191 2025 1255 perpetuam

505 1255 865 1335 expeditionis
924 1255 1073 1313 istius
1117 1256 1455 1319 memoriam,
1529 1257 1782 1316 mulieres
1832 1259 2021 1339 postea

503 1340 574 1398 ad
626 1339 828 1398 Bacchi
860 1339 1070 1420 semper
1110 1339 1256 1399 sacra
1295 1342 1553 1400 adhibitae
1611 1357 1802 1400 erant:
1877 1365 2022 1423 quae,

503 1423 634 1504 quia
664 1423 719 1481 in
767 1423 956 1504 Orgiis
991 1423 1122 1497 istis,
1169 1425 1554 1484 insanientium
1593 1425 1696 1482 sese
1735 1448 1887 1484 more
1912 1428 2024 1508 agi-

503 1524 639 1581 tare,
684 1530 748 1565 ac
770 1507 1080 1589 gesticulari
1110 1508 1363 1582 solerent,
1408 1532 1592 1591 graeco
1636 1510 1856 1567 nomine
1886 1513 2025 1569 Bac—

504 1593 626 1649 chze
657 1614 721 1649 ae
756 1591 1049 1650 Maenades
1077 1591 1244 1651 di&ae
1290 1594 1451 1665 sunt3
1503 1595 1655 1651 velut
1701 1595 1860 1652 Deus
1893 1595 2025 1654 item

506 1675 634 1756 ipse,
679 1678 748 1733 ab
780 1698 972 1735 earum
1006 1675 1295 1751 comitam,
1344 1680 1640 1736 Bacchus¹.

509 1803 623 1860 Ubi
642 1805 819 1884 capita
852 1805 1134 1861 AMZeflades
1164 1804 1443 1880 vijacimzt
1473 1803 1809 1886 hederzgerae,

509 1887 623 1944 Ubi
631 1888 804 1964 stzcra
816 1889 1020 1964 stmHa
1047 1890 1220 1945 acutis
1247 1888 1540 1947 ululatibus
1575 1892 1785 1970 agitant
1801 1895 1835 1947 ².

1883 1975 2021 2032 Bac-

570 2125 580 2142 *
615 2118 772 2157 Diodor.
817 2118 886 2159 Sic.
924 2119 949 2158 l.
975 2135 1014 2170 4.
1036 2133 1073 2173 p.
1121 2133 1220 2168 211,
1269 2134 1367 2160 212.
1406 2121 1479 2160 &e
1515 2120 1636 2159 Edit:
1661 2122 1763 2161 Han,
1798 2121 1839 2161 it.
1867 2120 1967 2160 Suid.
1986 2122 2024 2159 in

504 2191 595 2216 voce

567 2242 580 2258 ²
613 2240 750 2279 Catull.
774 2239 819 2277 de
842 2243 931 2292 Aty.
958 2243 1026 2291 64.
1051 2242 1104 2280 Hi
1129 2240 1400 2280 Bacchantium
1422 2242 1538 2290 chori,
1565 2241 1636 2280 five
1660 2242 1839 2290 virorum,
1872 2243 1942 2281 five
1966 2242 2024 2281 fe·

506 2299 713 2346 minarum,
748 2299 877 2338 Thiafi
900 2312 1090 2340 vocantur.

822 2360 987 2409 Instituit
1006 2362 1183 2412 Daphnis
1202 2361 1349 2410 Tliascvs
1369 2362 1536 2400 inducere
1555 2363 1710 2403 Baccho.

506 2420 632 2473 [virg.
658 2419 737 2458 Ecl.
767 2436 803 2473 3.
826 2423 913 2474 3c.]
949 2422 1038 2460 hinc
1060 2422 1228 2461 Bacchus
1253 2425 1350 2475 apud
1376 2424 1595 2476 Euripidem

1937 2530 2024 2569 &arx-
